1709 2978
711 140 990 181 „20-

267 263 389 305 cernit
416 263 473 304 ibi
498 270 663 304 maestos
693 269 728 304 et
755 262 893 304 mortis
920 262 1064 306 honore
1092 265 1256 306 carentis

268 329 508 389 Leucaspim
536 337 571 372 et
596 327 744 386 Lyciae
773 330 972 372 ductorem
998 331 1132 374 clasaz's
1161 332 1357 382 Orontem,

266 413 362 454 quos
390 398 508 439 simul
535 398 586 439 ab
621 397 740 439 :l'roia
764 404 919 439 ventosa
939 413 1021 452 per
1045 414 1218 457 aequora
1245 407 1366 442 vectos

267 466 395 508 obruit
423 472 569 515 auster,
603 480 709 520 aqua
736 464 928 519 involvens
957 481 1170 524 navemque
1197 469 1383 524 virosque.

97 535 173 577 sed
214 533 500 586 manifestum,
542 532 593 574 ad
634 532 711 574 hos
740 544 891 574 versus
928 532 1070 576 locum
1099 537 1226 590 primi
1253 536 1348 578 libri
1377 549 1471 578 esse
1499 549 1598 579 con-

96 602 343 653 formatum3
384 600 436 642 de
467 599 675 654 Leucaspi
711 601 852 641 autem
887 598 987 641 alibi
1020 602 1126 644 nihil
1156 604 1364 658 audimus,
1405 607 1529 659 atque
1560 606 1596 646 si

97 670 162 710 vis
191 669 336 711 adsere
368 669 493 710 etiam
520 668 635 709 hunc
662 668 803 709 locum
833 668 982 709 ceteris
1014 670 1138 712 modo
1165 671 1311 714 allatis

208 735 343 791 Igitur
370 738 418 777 ut
445 735 576 777 finem
605 736 768 788 faciam,
812 734 864 775 de
895 735 1128 788 primorum
1160 751 1239 780 sex
1267 739 1466 784 librorum
1493 742 1597 780 tem-

95 802 267 858 poribus
306 815 374 845 res
414 805 472 845 ita
508 815 554 844 se
589 802 742 845 habere
779 802 958 843 videtur.
1017 802 1148 847 Primi
1184 807 1325 863 scripti
1364 809 1463 848 sunt
1502 805 1597 847 libri

96 869 146 910 ΙΙ.
177 869 247 911 IV.
280 869 366 924 V1.‚
401 870 445 912 id
481 870 593 925 quod
628 868 820 911 Suetonii
849 869 990 911 idonei
1017 873 1199 915 auctoris
1227 874 1464 916 testimonio
1493 873 1593 914 satis

95 938 378 992 confirmatur,
414 941 510 993 post
544 939 723 994 scriptus
761 941 825 980 ost
857 939 1018 993 primus
1048 938 1167 994 liber,
1210 943 1335 997 atque
1369 941 1420 983 ad
1456 944 1593 983 extre-

94 1019 226 1059 mum,
265 1008 432 1048 interim
474 1006 567 1047 aliis
609 1018 734 1060 opera
770 1006 864 1047 data
902 1009 949 1047 ut
990 1008 1175 1061 septimi,
1217 1011 1365 1062 octavi,
1395 1012 1494 1050 noni
1526 1009 1591 1061 (de

94 1074 172 1115 hoc
202 1073 307 1115 libro
337 1073 385 1115 cf.
415 1072 538 1115 Ribb.
573 1073 690 1127 proll.
723 1087 814 1128 pag.
845 1074 911 1126 79)
940 1077 1050 1116 certe
1083 1075 1287 1129 partibus,
1314 1075 1420 1118 liber
1445 1077 1592 1117 tertius

95 1144 136 1182 et
162 1142 349 1196 quintus.

826 1686 862 1726 2.

206 1786 377 1828 Constat
419 1800 504 1828 non
542 1800 674 1842 pauca
705 1786 935 1842 Vergilium
962 1783 1180 1829 ‘secundis
1210 1785 1339 1828 curis‘
1372 1788 1487 1841 operi
1517 1799 1593 1828 suo

92 1855 340 1907 inseruisse,
388 1866 497 1909 quae
539 1855 663 1896 etiam
704 1867 782 1896 nos
827 1855 1074 1910 dignoscere
1111 1866 1354 1909 possumne,
1397 1855 1433 1896 si
1472 1859 1594 1909 poeta

92 1921 197 1975 loco,
233 1933 361 1976 quem
399 1922 540 1964 denuo
577 1923 779 1975 tractavit,
818 1925 1049 1964 extremam
1079 1935 1254 1963 manum
1284 1935 1369 1963 non
1397 1921 1590 1963 admovit.

93 1989 302 2044 Equidem
330 1990 413 2032 duo
443 1989 685 2032 huiusmodi
719 1990 916 2045 exempla
944 1990 1126 2045 proferre
1156 1989 1296 2046 velim,
1326 1988 1401 2031 ubi
1419 2001 1486 2031 res
1507 2002 1592 2031 non

92 2058 213 2111 parvi
252 2059 457 2100 momenti
499 2058 663 2099 videtur
703 2070 810 2100 esse.
869 2060 933 2100 Ac
968 2059 1153 2114 primum
1190 2056 1320 2099 verba
1358 2057 1504 2100 faciam
1541 2058 1592 2100 de

92 2124 288 2167 versibus
314 2126 524 2169 'Aeneidis
554 2125 610 2179 II,
642 2126 874 2167 567—631.

203 2193 365 2236 Versus
398 2194 522 2236 567—
538 2194 592 2235 88
607 2195 635 2246 ¹)
676 2195 719 2235 in
751 2193 948 2236 omnibus
979 2196 1054 2250 qui
1083 2192 1242 2248 aliquid
1272 2190 1415 2234 valent
1443 2192 1593 2235 codici-

91 2260 172 2303 bus
213 2262 379 2316 desunt,
418 2274 559 2317 neque
601 2275 626 2303 a
665 2261 810 2304 Servio
853 2262 1120 2317 explicantur
1154 2273 1294 2315 neque
1331 2274 1355 2302 a
1382 2273 1593 2303 commen·

90 2329 294 2371 tatoribus
324 2342 433 2385 quos
463 2329 675 2382 adhibuit;
716 2343 927 2385 nusquam
957 2331 1150 2382 citantur,
1179 2328 1296 2370 nullo
1325 2329 1453 2382 igitur
1477 2330 1592 2371 testi—

90 2398 232 2439 monio
266 2396 522 2453 comprobati
561 2400 669 2439 sunt.
739 2397 948 2439 Dicuntur
982 2411 1006 2439 a
1035 2397 1162 2438 Vario
1199 2398 1240 2437 et
1268 2393 1406 2437 Tucca
1440 2395 1592 2438 sublati

183 2568 221 2611 1)
247 2566 427 2602 adsentior
450 2566 487 2601 in
513 2565 711 2601 iudicandis
737 2565 787 2601 eis
813 2569 957 2610 prorsus
981 2563 1175 2601 Ribbeckio
1199 2563 1300 2609 proll.
1326 2574 1406 2609 pag.
1430 2564 1485 2600 92.
1511 2563 1566 2599 93.
