1709 2978
703 130 950 171 ..6-

78 253 143 292 est
177 251 297 292 locus
337 250 415 305 111,
448 252 542 305 356,
582 265 666 307 quo
699 252 812 294 idem
851 254 1021 307 tempus
1062 252 1310 331 describitur
1347 275 1402 282 —
1435 251 1571 292 hiems

76 318 204 371 paulo
234 320 331 359 ante
359 317 479 360 finita
509 320 573 360 est
604 343 654 348 —-

245 385 402 440 iamque
428 385 528 426 dies·
521 385 707 441 alterque
736 385 821 426 dies-
835 386 1028 439 processit
1056 393 1091 428 et
1118 400 1241 427 aurae

244 451 329 493 vela
356 460 504 502 vocant,
534 453 757 508 tumidoque
779 451 944 508 inflatur
971 453 1157 494 carbasus
1184 460 1328 494 austro.

77 519 256 561 Prorsus
297 521 438 561 autem
477 519 570 561 fieri
605 520 766 574 nequit,
805 519 849 561 id
887 519 1000 574 quod
1029 518 1291 562 Conradinus
1329 518 1484 573 posuit,
1526 519 1573 558 ut

76 585 247 627 Troiani
278 599 364 627 uno
394 598 506 626 anno
534 586 640 627 duas
668 585 796 627 urbes
825 587 1050 628 Aeneadas
1080 589 1122 628 et
1150 585 1402 642 Pergamum
1431 584 1572 626 condi-

78 654 238 706 derint,
277 665 377 694 nam
408 652 506 695 licet
536 653 772 695 Conradino
802 652 1078 696 Troianorum
1108 655 1257 696 miram
1287 653 1498 709 quandam
1524 665 1572 694 ac

76 733 214 776 paene
243 721 443 762 furiosam
472 722 515 762 in
546 721 722 763 urbibus
749 720 980 763 condendis
1010 722 1264 764 celeritatem
1293 720 1571 763 concedamus

76 791 203 844 atque
233 787 356 830 nobis
384 788 607 844 fingamus,
633 789 823 831 Aeneam
847 787 995 831 Idibus
1024 789 1110 832 fere
1139 789 1299 836 Martiis
1327 787 1450 831 Troia
1476 801 1571 843 pro-

75 856 231 897 fectum
278 858 319 896 et
361 858 529 910 tempus
575 857 769 911 quamvis
809 857 1015 911 exiguum
1060 857 1104 898 in
1144 856 1318 899 Thracia
1352 858 1571 910 moratum,

76 923 183 964 duos
220 922 397 964 fortasse
432 935 616 977 menses,
656 936 763 978 quos
800 926 910 965 certe
939 925 985 965 in
1016 925 1148 967 muris
1177 923 1444 966 aedificandis
1473 936 1571 965 con-

77 1003 244 1032 sumere
280 989 471 1044 debebat,
512 990 631 1031 initio
661 990 776 1032 Iunii
813 991 862 1032 ad
895 991 1058 1035 Cretam
1092 992 1323 1046 appulisse,
1363 991 1570 1046 quomodo

75 1061 164 1100 tum
195 1058 344 1111 Sirius,
382 1059 454 1112 qui
493 1058 652 1100 ultimis
681 1059 840 1113 Aprilis
877 1059 1027 1101 diebus
1062 1060 1204 1112 oritur,
1239 1059 1376 1101 delere
1413 1060 1572 1114 poterat

74 1126 216 1180 fruges
260 1124 550 1179 Troianorum,
589 1126 743 1180 quibus
791 1127 981 1168 serendis
1026 1139 1195 1180 operam
1240 1126 1409 1169 dederat
1448 1122 1571 1167 ‘arvis

74 1193 181 1234 novis
207 1198 372 1246 operata
399 1191 585 1232 iuventus’
601 1193 621 1234 Ρ
679 1194 748 1234 An
781 1194 875 1248 quis
907 1195 1006 1235 serit
1028 1206 1176 1237 mense
1197 1193 1321 1236 Iunio
1349 1194 1418 1236 vel
1445 1195 1568 1235 etiam

75 1261 305 1316 posteriore
337 1260 439 1302 anni
467 1262 676 1315 tempore3
709 1275 806 1303 nam
834 1263 944 1303 ceste
975 1262 1119 1304 domos
1141 1263 1257 1317 prius
1279 1261 1360 1304 sibi
1379 1264 1573 1317 para-rent

74 1340 251 1370 necesse
282 1329 382 1380 erat,
423 1341 550 1382 quam
579 1341 726 1383 agrum
757 1328 949 1370 colerent.
1008 1328 1111 1369 Mihi
1140 1329 1310 1384 quidem
1338 1329 1570 1372 secundum

73 1395 253 1450 Vergilii
280 1396 561 1436 narrationem
589 1408 657 1436 res
684 1397 740 1438 ita
769 1409 814 1437 se
842 1395 993 1437 habere
1013 1396 1205 1449 videtur;
1237 1397 1383 1439 eadem
1403 1399 1570 1450 aestate,

76 1477 160 1519 qua
186 1461 357 1504 Troiani
385 1464 429 1504 in
460 1462 623 1504 Cretam
652 1463 896 1517 adveniunt,
927 1476 1069 1505 muros
1098 1462 1215 1505 urbis
1244 1463 1475 1518 aedificant,
1508 1477 1571 1505 ar-

74 1545 167 1574 cem
196 1533 445 1583 exstruunt3
482 1531 656 1571 ineunte
685 1534 824 1573 autem
852 1543 950 1572 vere
979 1532 1090 1586 agris
1121 1543 1166 1573 se
1196 1531 1294 1573 dant
1323 1534 1364 1574 et
1392 1530 1571 1574 conubia

76 1602 305 1656 quaerunt3
351 1601 476 1654 atque
519 1611 631 1640 nunc
670 1611 768 1641 cum
806 1611 927 1654 agros
969 1600 1153 1641 colentes
1182 1612 1227 1641 re
1260 1612 1360 1642 vera
1388 1600 1434 1641 in
1462 1601 1571 1641 terra

75 1667 342 1709 consederint
367 1670 507 1722 'atque
543 1666 736 1708 conubiis
765 1670 912 1722 gentes
943 1668 1028 1708 sint
1055 1667 1199 1720 factae,
1241 1668 1388 1709 civitas
1418 1668 1571 1709 consti-

74 1738 164 1777 tuta
205 1737 268 1776 est
310 1735 488 1789 iuraque
528 1734 597 1775 dat
632 1735 825 1786 Aeneas3
872 1737 962 1775 tum
1000 1747 1101 1775 vero
1135 1730 1246 1774 ‘satis
1283 1734 1362 1775 lues
1398 1734 1497 1775 venit
1538 1741 1571 1774 et

73 1803 214 1843 victum
243 1816 345 1856 seyes
373 1799 503 1855 neqat’
540 1801 646 1843 Sirio
675 1801 857 1842 ardente.
903 1799 1063 1842 Tamen
1093 1814 1191 1842 cum
1217 1803 1375 1842 certum
1404 1803 1570 1855 tempus

74 1872 198 1924 poeta
234 1881 447 1923 nusquam
477 1869 632 1910 indicet
661 1869 712 1909 de
740 1868 817 1909 hac
844 1881 890 1909 re
919 1871 1075 1909 certare
1105 1868 1202 1909 nolo
1232 1880 1286 1909 ne
1316 1868 1570 1922 argutiarum

73 1938 269 1988 incuser3
309 1949 450 1991 neque
485 1949 592 1990 opus
632 1939 708 1990 est,
746 1936 788 1976 id
828 1937 942 1977 enim
972 1935 1162 1978 effecisse
1196 1947 1264 1976 me
1290 1936 1390 1989 puto
1418 1934 1571 1976 falsum

72 2004 206 2046 fuisse
226 2002 526 2058 Conradinum,
555 2017 652 2045 cum
680 2016 839 2045 errores
863 2004 1035 2045 Aeneae
1063 2002 1294 2044 secundum
1316 2000 1570 2055 Dionysium

73 2070 240 2113 duobus
271 2073 395 2113 annis
416 2070 784 2115 circumscriberet.
827 2070 1027 2126 Sequitur
1047 2083 1150 2112 sane
1170 2069 1384 2126 Vergilius
1403 2069 1570 2124 famam,

74 2151 183 2194 quae
223 2139 348 2180 etiam
389 2139 441 2180 ad
478 2138 732 2192 Dionysium
768 2151 823 2179 ex
860 2138 1008 2180 eodem
1036 2138 1151 2179 fonte
1180 2137 1319 2191 fluxit,
1353 2150 1439 2178 non
1469 2150 1569 2179 vero

71 2207 435 2248 ratiocinationem
466 2208 611 2262 capitis
642 2207 709 2261 63,
745 2207 818 2248 sed
848 2219 941 2248 eam
972 2219 1098 2261 quam
1128 2204 1299 2260 praebet
1328 2206 1399 2248 ille
1429 2207 1570 2261 capiti-

72 2274 152 2316 bus
181 2273 361 2329 48---58,
388 2277 624 2328 temporum
654 2276 819 2329 praeter
847 2287 978 2316 unam
1007 2272 1225 2333 Thraciam
1254 2274 1436 2315 hiemem
1463 2273 1571 2315 indi-

72 2345 206 2384 catam
237 2344 397 2385 nullam
430 2342 588 2384 habens
616 2344 834 2384 rationem.
890 2344 1033 2397 Atque
1052 2343 1130 2384 hoc
1151 2356 1175 2383 a
1193 2343 1353 2383 ratione
1374 2343 1569 2395 carminis

72 2411 179 2466 epici
218 2423 302 2453 non
346 2412 431 2453 tam
482 2409 666 2451 alienum
705 2410 882 2452 videtur.
949 2408 1120 2451 Licetne
1167 2421 1212 2450 re
1247 2422 1346 2451 vera
1391 2418 1433 2451 a·
1450 2411 1571 2466 poeta

70 2479 298 2531 postulare,
331 2482 375 2519 ut
402 2481 564 2531 septem
593 2478 791 2531 deinceps
823 2490 1010 2517 errorum
1040 2489 1174 2517 annos
1194 2476 1317 2517 nobis
1338 2480 1570 2530 enumeret,

73 2558 173 2588 suos
211 2546 366 2602 cuique
406 2557 544 2599 casus,
583 2556 689 2600 quos
721 2543 850 2587 subiit
878 2545 1062 2599 Aeneas,
1101 2543 1366 2587 attribuens?
1423 2542 1569 2588 Potius
1633 2536 1635 2538 ’
