1709 2978
707 108 977 149 ...24-

87 233 281 285 neantur,
321 233 484 286 praeter
527 232 742 273 somnium
787 230 961 273 fortasse
1005 232 1177 274 Aeneae
1191 231 1224 288 ¹)
1266 233 1319 282 (v.
1351 230 1589 284 268—298)
1646 237 1653 242 ’

87 301 267 355 eiusque
307 301 352 340 in
388 297 493 340 urbe
527 298 697 353 proelia,
740 310 848 353 quae
877 298 996 353 parvi
1027 302 1127 340 sunt
1155 299 1276 354 spatii
1308 300 1432 353 atque
1462 296 1590 339 Grae-

88 379 233 408 corum
253 367 439 408 virorum
458 366 578 407 factis
598 378 769 420 prorsus
790 364 1080 419 obscurantur,
1100 370 1238 408 cetera
1256 366 1410 419 omnia,
1430 377 1589 420 equum

87 434 279 489 ligneum
307 417 587 474 Laocoontem
618 431 820 473 Sinonem
849 429 1059 474 Panthum
1072 433 1104 487 ⁹)
1135 432 1411 475 Cassandram
1440 431 1589 473 Coroe-

87 500 190 542 bum
225 499 441 542 Priamum
472 500 643 541 Aeneae
679 500 841 541 exitum
874 501 957 540 iam
987 501 1032 541 in
1063 499 1250 542 fontibus
1283 499 1455 554 Vergilii
1483 499 1590 540 exti-

86 569 190 609 tisse
230 570 355 622 atque
394 579 601 622 perpauca
641 569 753 609 certe
790 566 856 607 his
896 580 920 608 a
955 569 1078 621 poeta
1107 567 1245 609 addita
1273 579 1379 609 esse.
1440 564 1590 608 Contra

87 636 259 676 Aeneae
296 637 338 675 et
372 633 564 676 Helenae
601 646 889 688 congressum,
929 646 1035 688 quos
1066 634 1229 688 Venus,
1267 636 1487 688 utriusque
1517 645 1591 687 pa-

87 706 221 755 trona,
252 701 421 754 dirimit,
451 704 627 755 tumque
656 700 832 742 eandem
863 700 985 741 deam
1020 700 1107 742 filio
1139 700 1307 743 Troiam
1333 714 1357 742 a
1385 700 1450 741 dis
1478 699 1591 740 diru-
1625 716 1627 718 ·

86 773 171 810 tam
192 771 495 810 monstrantem
513 783 520 809 :
552 769 630 810 hoc
650 772 888 822 utrumque,
909 768 1117 822 praeclare
1136 768 1274 809 hercle
1294 768 1589 822 excogitatum,

89 836 304 891 Vergilius
335 836 532 890 quamvis
561 837 605 876 in
636 836 741 878 libro
771 835 811 877 ΙΙ
839 831 1031 877 enarrare
1061 837 1346 888 constitueret,
1374 837 1515 876 tamen
1543 834 1589 875 in

88 905 298 959 posterius
328 906 496 957 tempus
528 903 689 944 distulit
718 906 842 958 atque
875 904 1057 957 primum
1085 902 1222 944 fontes
1242 902 1434 957 relegens
1455 904 1613 961 cetera-

89 971 337 1025 composuit.
399 969 534 1020 Quam
566 970 618 1011 ob
637 983 727 1011 rem
749 972 1028 1012 narrationem
1048 983 1088 1010 v.
1113 970 1193 1010 566
1214 969 1432 1023 abruptam
1452 970 1590 1012 statim

89 1051 126 1077 v.
152 1037 233 1077 632
266 1037 519 1078 continuans
549 1049 722 1090 prorsus
751 1039 796 1078 in
826 1039 1077 1078 universum
1108 1039 1149 1077 et
1178 1035 1397 1077 obscurius
1428 1036 1591 1090 scripsit

86 1099 282 1145 ‘ducente
324 1102 437 1156 deo',
477 1104 688 1145 Venerem
731 1107 878 1158 postea
918 1104 1246 1156 introducturus,
1290 1106 1413 1157 atque
1451 1103 1589 1157 paullo

87 1170 196 1211 infra
224 1183 264 1210 v.
296 1169 406 1210 664:

259 1237 329 1279 hoc
357 1244 454 1286 erat,
486 1237 595 1278 alma
617 1253 785 1292 parem,
816 1239 922 1294 quod
950 1253 1012 1278 me
1035 1252 1112 1291 per
1140 1237 1216 1279 tela
1237 1252 1317 1291 per
1340 1237 1440 1291 iynis

258 1305 394 1358 eripis,
423 1311 465 1344 ut
491 1305 631 1346 mediis
659 1305 804 1346 hostem
832 1305 872 1346 in
895 1305 1165 1359 penetralibus
1193 1312 1309 1360 utque

258 1372 477 1413 Ascanium
494 1380 732 1429 patremque
759 1388 888 1414 meum
918 1374 1102 1429 iim-taque
1133 1373 1323 1415 Creusam

258 1439 426 1480 alterum
448 1440 490 1480 in
518 1439 678 1481 alterius
700 1447 888 1482 mactatos
915 1442 1102 1495 sanquine
1124 1439 1313 1482 cernam?

89 1508 247 1550 Eorum
287 1509 428 1549 autem
470 1521 577 1562 quae
614 1511 759 1563 postea
789 1510 974 1550 inserere
1003 1508 1184 1562 volebat,
1223 1508 1401 1550 frustula
1428 1510 1589 1550 tantum

88 1575 272 1629 reliquit,
302 1588 369 1614 vv.
403 1575 483 1615 589
502 1575 644 1626 --6313
689 1579 882 1616 lacunam
926 1576 1095 1630 explere
1138 1578 1313 1616 conatus
1359 1578 1423 1616 est
1463 1576 1589 1616 inter-

88 1643 259 1698 polator,
290 1654 368 1684 nec
395 1655 494 1683 vero
524 1646 635 1684 recte
663 1643 872 1697 explevit,
919 1656 1018 1684 nam
1046 1642 1260 1697 Vergilius
1289 1644 1347 1684 ita
1377 1655 1477 1684 sane
1504 1641 1591 1684 He-

88 1709 227 1750 lenam
273 1708 551 1763 depinxisset,
596 1714 642 1751 ut
683 1723 779 1751 cum
817 1710 1007 1752 Helenae
1050 1711 1160 1750 sexti
1196 1709 1291 1750 libri
1331 1713 1589 1765 congrueret,

90 1789 230 1831 neque
261 1779 499 1831 repugnant
535 1778 607 1819 tali
644 1778 911 1832 descriptioni
938 1790 1090 1818 versus
1120 1777 1218 1818 inde
1248 1791 1273 1818 a
1305 1778 1410 1831 588,
1432 1776 1590 1832 quibus

88 1844 212 1885 modo
241 1844 488 1897 postulatur,
520 1848 566 1886 ut
596 1847 764 1887 Aeneas
785 1845 996 1887 Helenam
1017 1848 1140 1887 autea
1162 1845 1311 1887 viderit
1331 1848 1588 1901 aspectuque

88 1912 182 1952 eius
211 1911 262 1952 ad
292 1912 397 1952 iram
426 1915 660 1953 commotus
690 1914 754 1954 sit.

200 2077 251 2119 In
294 2081 441 2133 quarto
484 2092 652 2133 quoque
689 2079 794 2121 libro
835 2080 1041 2121 secundas
1080 2091 1201 2121 curas
1236 2079 1413 2134 Vergilii
1451 2079 1590 2136 detegi
1634 2082 1638 2086 '

87 2159 214 2200 posse
256 2149 371 2200 puto.
440 2145 606 2201 Regina
641 2143 802 2189 ‘saucia
840 2146 953 2189 cura'
992 2147 1192 2203 postridie
1232 2148 1324 2187 eius
1366 2147 1461 2200 diei,
1506 2161 1588 2202 quo

88 2216 257 2255 Aeneas
287 2214 369 2255 fata
401 2226 478 2254 sua
508 2218 785 2263 enarraverat,
816 2228 912 2257 cum
933 2217 1060 2257 Anna
1087 2227 1226 2256 sorore
1257 2214 1457 2256 collocuta
1478 2215 1590 2269 dicit,

182 2363 220 2406 1)
256 2362 365 2397 etiam
398 2359 466 2394 h‘oc
491 2361 613 2404 potest
635 2360 708 2395 iam
733 2372 808 2397 esse
832 2363 1039 2404 Stesichori,
1072 2364 1197 2407 utpote
1221 2363 1281 2407 qui
1305 2363 1342 2397 in
1365 2361 1505 2398 ‘Troiae
1529 2374 1586 2398 ex-

87 2415 188 2455 cidio'
216 2419 356 2454 Aeneae
388 2417 541 2461 muitum
573 2417 759 2459 tribuerit;
793 2419 837 2454 cf.
869 2419 940 2455 tab.
968 2420 1067 2455 Iliac.
1103 2421 1140 2454 et
1171 2418 1273 2454 Iahn.
1297 2417 1587 2456 ‘Bilderchronik'

87 2477 107 2520 ξ
135 2476 188 2511 71.
216 2476 271 2511 73.
299 2475 354 2511 77.

179 2532 219 2578 2)
253 2531 297 2568 cf.
322 2531 424 2568 Iahn.
452 2533 473 2578 g
499 2532 554 2567 71.
