1709 2978
700 109 978 151 -30-

84 247 223 277 rorem
253 234 383 283 missa
410 234 480 276 vel
508 245 626 275 soror
652 232 767 275 abire
794 234 913 276 iussa
941 236 1021 289 est,
1051 236 1219 285 nescim
1254 244 1407 276 versus
1446 233 1589 274 autem

256 370 350 411 haec
381 370 437 410 ait
465 376 501 410 et
522 370 655 423 partis
682 369 863 410 am'mum
890 369 1069 410 versabat
1094 369 1137 409 in
1166 370 1293 411 omnis

255 437 418 479 amitam
443 438 634 492 quaerens
661 450 782 492 quam
802 438 987 491 primum
1014 437 1252 491 abrumpere
1277 437 1400 479 lucem

86 505 193 547 nihil
221 505 336 547 aliud
362 505 446 545 nisi
474 516 624 546 versus
653 505 748 546 450.
767 505 865 546 474.
884 505 936 546 75
965 505 1074 547 male
1104 507 1311 559 repetunt.
1362 503 1496 546 Omisi
1524 503 1586 544 uti

85 585 161 627 par
189 575 252 614 est
281 583 433 613 versus
465 572 702 625 554--583,
742 573 818 614 hos
858 573 1030 628 quidem
1059 575 1166 613 totos
1197 572 1395 613 secundis
1423 572 1537 613 curis
1563 583 1588 611 a

85 641 208 694 poeta
243 638 417 681 additos.
488 638 598 681 Nam
634 653 749 682 nunc
789 640 911 697 fingit
948 640 1029 682 sibi
1058 640 1286 696 Vergilius,
1314 640 1504 682 Aeneam
1534 637 1586 680 ob

85 718 270 759 cansam,
298 719 426 761 quam
456 719 541 748 non
570 707 713 761 adfert,
742 710 853 750 iusto
870 709 1030 750 diutius
1051 708 1298 762 Carthagine
1318 708 1586 757 remansisse,

87 776 256 829 apparet
292 775 419 830 igitur
457 775 597 818 denuo
636 765 884 830 Mercurius,
925 776 1000 831 qni
1030 776 1182 817 iterum
1211 787 1310 816 eum
1343 774 1395 816 ad
1425 772 1589 828 profici-

86 841 290 883 scendum
319 843 466 884 incitet
477 843 533 895 ι);
573 843 689 884 addit
716 845 808 897 ipse
838 849 1009 884 causam
1039 856 1146 898 quae
1185 843 1303 884 nulla
1336 845 1412 895 est,
1448 853 1587 895 neque

86 910 201 950 enim
230 909 381 964 elucet,
411 923 494 965 quo
523 910 754 952 referamus
779 909 909 952 verba
937 910 1005 952 dei
1035 924 1074 951 v.
1104 910 1209 952 563:

188 1023 191 1025 ,
253 977 325 1018 illa
354 977 464 1018 dolon
492 977 701 1032 dabamque
722 978 837 1032 nefas
864 978 905 1018 in
931 985 1088 1030 pectore
1117 984 1242 1019 versat

254 1051 360 1086 certa
385 1044 502 1091 mori.
532 1045 736 1101 variosque
765 1045 923 1086 irarum
950 1045 1115 1087 concitat
1141 1051 1283 1094 aestus,

254 1112 336 1151 iam
367 1126 478 1152 mare
505 1113 662 1152 turbari
687 1114 863 1153 trabibus
889 1127 1097 1166 saevasque
1124 1113 1269 1153 videbis

254 1179 451 1223 conlucere
470 1180 599 1236 faaes.

86 1260 185 1288 nam
223 1246 335 1288 Dido
373 1251 496 1289 antea
534 1249 640 1289 nihil
680 1251 825 1289 contra
859 1247 1062 1288 Troianos
1104 1247 1286 1298 molitur,
1327 1245 1451 1286 modo
1481 1247 1587 1285 mori

85 1315 213 1368 cupit.
270 1313 389 1364 Quae
418 1328 516 1357 cum
543 1316 602 1357 ita
627 1315 726 1368 sint,
754 1316 792 1356 si
819 1317 941 1370 poeta
968 1315 1077 1356 hanc
1107 1314 1245 1368 quarti
1271 1312 1368 1354 libri
1395 1313 1587 1363 mutatio·

84 1393 185 1422 nem
211 1394 383 1436 prorsus
413 1381 619 1424 conficere
645 1382 792 1435 voluit,
820 1394 925 1437 opus
955 1385 1055 1435 erat,
1084 1384 1130 1422 ut
1153 1380 1295 1421 omnia
1321 1391 1468 1420 rursus
1490 1391 1588 1420 con-

83 1450 288 1504 cinerent,
315 1450 499 1505 primum
530 1462 702 1492 causam
731 1451 946 1492 innectere
976 1462 1051 1491 cur
1070 1450 1239 1490 Aeneas
1268 1447 1426 1489 diutius
1455 1459 1588 1489 more-

82 1520 163 1570 tur,
202 1520 292 1558 tum
321 1518 497 1559 fortasse
526 1520 620 1573 post
649 1530 819 1559 versum
849 1519 929 1558 552
958 1516 1175 1568 Didonem·
1197 1527 1241 1555 re
1269 1527 1370 1556 vera
1397 1513 1598 1562 Troianis,

82 1584 260 1634 insidias
289 1588 505 1640 parantem
528 1585 740 1639 inducere,
770 1586 954 1640 denique
974 1584 1069 1626 illas
1083 1578 1244 1624 ‘furias’
1270 1583 1440 1637 reginae
1460 1585 1586 1637 atque

81 1654 211 1693 totam
244 1665 415 1694 scenam
444 1653 668 1694 475—520
696 1653 934 1706 paullulum
958 1653 1193 1693 immutare.

194 1717 286 1760 Iam
322 1732 423 1761 vero
465 1720 502 1760 si
532 1720 714 1774 quaeris,
752 1733 827 1762 cur
855 1720 1026 1761 omnino
1058 1718 1194 1773 quarti
1223 1716 1319 1758 libri
1349 1719 1391 1758 et
1418 1716 1585 1756 initium

83 1788 124 1826 et
163 1785 294 1827 finem
332 1788 617 1828 retractaverit
655 1789 790 1842 poeta,
831 1786 1053 1840 explicatio
1082 1798 1168 1826 non
1197 1784 1364 1825 videtur
1391 1782 1583 1825 difficilis.

82 1852 158 1893 Est
186 1851 295 1893 liber
321 1854 433 1894 inter
458 1855 618 1907 primos
645 1855 730 1895 nisi
758 1854 850 1907 ipse
878 1854 1039 1907 primus
1070 1853 1251 1906 scriptus
1281 1863 1330 1892 eo
1352 1851 1464 1891 certe
1481 1852 1585 1890 tem-

81 1932 196 1976 pore,
231 1932 331 1962 cum
355 1919 572 1976 Vergilius
601 1921 724 1964 modo
752 1920 797 1962 id
827 1919 991 1976 agebat,
1020 1922 1066 1962 ut
1096 1918 1285 1974 singulos
1314 1915 1586 1968 librosvelut

82 1989 253 2043 singula
285 2002 457 2044 corpora
499 1992 788 2042 componeret3
830 1991 978 2043 postea
1016 2001 1114 2028 cum
1150 1989 1312 2042 primus
1341 1989 1382 2026 et
1411 1987 1584 2040 quintus

82 2056 188 2098 liber
210 2056 468 2109 accederent,
492 2056 644 2097 artiore
665 2055 846 2111 quodam
866 2057 1036 2098 vinculo
1057 2057 1304 2110 argumenta
1323 2053 1584 2108 singulorum

82 2124 286 2166 librorum
323 2123 582 2182 conectenda
618 2126 759 2174 erant3
802 2125 911 2165 inter
939 2126 1123 2178 primum
1150 2124 1292 2163 autem
1320 2124 1361 2162 et
1390 2124 1584 2175 quartum
1643 2142 1648 2147 -

82 2190 238 2232 librum
277 2191 391 2232 hunc
428 2202 643 2233 conexum
672 2189 886 2246 Vergilius
926 2204 976 2232 ea
1010 2203 1056 2232 re
1094 2189 1242 2241 effecit,
1284 2181 1392 2244 quod
1427 2190 1583 2230 inserto

82 2258 154 2300 illo
180 2260 289 2300 inter
308 2257 520 2300 Didonem
549 2260 591 2298 et
612 2258 783 2300 Annam
817 2259 1024 2313 colloquio
1052 2257 1174 2299 initio
1204 2257 1339 2310 quarti
1368 2255 1462 2298 libri
1489 2268 1584 2298 nar-

82 2326 288 2368 rationem
317 2327 455 2368 statim
484 2324 686 2380 postridie
714 2326 807 2367 eius
834 2325 931 2379 diei,
963 2338 1047 2381 quo
1069 2326 1236 2367 Aeneas
1263 2337 1423 2367 errores
1442 2336 1584 2366 narra-

176 2485 214 2528 1)
240 2484 296 2520 uti
319 2494 414 2519 nuno
438 2483 568 2519 librum
591 2482 773 2525 habemus,
798 2483 939 2520 omnino
963 2494 1034 2520 non
1057 2482 1282 2537 perspicitur,
1307 2494 1371 2521 cur
1385 2483 1582 2520 Mercurius

82 2543 213 2578 iterum
231 2542 388 2577 Aeneam
413 2540 528 2576 adeat.
