1709 2978
723 85 990 126 „29-

105 211 405 265 compositione
424 207 533 250 Dido
562 208 731 250 demum
759 211 853 263 post
871 208 1044 250 Aeneae
1068 208 1303 250 discessum
1329 221 1398 250 res
1417 209 1468 255 ad
1488 222 1597 251 mor-

105 278 189 318 tem
221 289 340 319 suam
367 287 538 332 parasse
568 277 693 330 atque
724 275 893 317 Aeneas
925 276 1062 318 statim
1089 279 1182 331 post
1210 290 1248 317 v.
1280 276 1433 317 449-in
1466 275 1598 317 altum

105 342 257 385 abisse.
316 342 424 384 Tum
468 345 608 384 autem
649 343 710 383 sic
736 354 886 384 versus
924 355 1018 384 sese
1054 345 1323 397 exceperunt,
1361 343 1596 396 416—449,

107 411 340 464 522—553,
381 410 614 464 584-629,
651 409 888 464 450—521,
927 411 1008 452 630
1045 423 1080 452 e.
1113 424 1152 464 q.
1183 422 1298 465 sqq.;
1336 412 1461 464 atque
1501 410 1596 452 talis

104 478 306 532 processit
347 479 549 520 narratio:
592 476 763 519 Frustra
789 476 897 519 Dido
928 479 1078 519 conata
1108 479 1173 518 est
1201 478 1391 519 Aeneam
1415 478 1597 519 retinere

105 546 282 600 eiusque
325 547 510 586 mentem
555 546 769 586 immotam
813 545 923 598 (449)
965 544 1131 586 flectere
1168 547 1208 585 et
1245 545 1330 586 iam
1369 558 1419 587 ea
1461 547 1598 597 nocte,

106 626 232 668 quam
265 613 456 655 ultimam
492 614 539 654 in
566 625 643 654 sua
671 614 779 654 terra
807 609 1008 654 Troianos
1039 611 1191 666 degere
1223 612 1313 665 scit,
1353 623 1498 653 secum
1527 611 1598 653 de-

105 681 262 733 liberat,
292 681 394 734 quid
423 680 512 721 sibi.
532 680 771 722 faciendum
801 681 856 720 sit
881 679 1157 732 (522—553);
1192 679 1269 720 hoc
1287 680 1380 732 ipso
1401 680 1598 734 temporis

104 750 316 790 momento
345 760 435 789 rem
465 747 517 788 ad
555 743 779 789 discrimen
808 747 979 789 venisse
1011 739 1139 788 sentit
1166 759 1214 788 ac
1246 746 1296 788 de
1324 747 1460 802 ipsius
1489 749 1598 788 sorte

103 815 241 856 sutura
268 816 360 869 agi3
390 816 532 868 itaque
563 815 613 855 de
644 815 705 855 eis
726 816 890 868 cogitat,
916 827 1023 868 quae
1043 814 1126 855 sibi
1145 815 1230 855 iam
1249 816 1429 865 restent,
1456 816 1598 855 omnia

100 883 218 923 reicit
252 882 540 937 intellegitque
584 881 664 922 sibi
709 881 971 924 moriendum
1011 894 1118 924 esse.
1184 882 1324 936 Atque
1367 894 1464 923 cum
1510 881 1598 922 sole

102 950 260 991 oriente
300 950 550 1003 (584—629)
595 950 771 990 classem
808 948 1083 991 Troianorum
1126 952 1293 1003 portum
1333 948 1597 1006 linquentem

102 1016 254 1069 videat,
297 1016 460 1071 ingenti
505 1016 644 1057 dolore
686 1028 905 1069 concussa,
946 1016 1157 1071 fugientes
1201 1017 1383 1070 primum
1427 1017 1598 1070 insequi

102 1084 205 1137 vult,
245 1086 336 1124 tum
373 1083 485 1138 quod
516 1096 602 1124 non
634 1083 773 1138 paullo
801 1086 897 1125 ante
926 1084 1167 1136 extinxerit,
1210 1094 1255 1123 se
1293 1083 1384 1137 ipsa
1417 1086 1597 1136 accusat,

103 1153 340 1192 extremum
366 1152 608 1192 exsecratur
638 1153 679 1192 et
707 1151 942 1193 detestatur.
1000 1149 1107 1192 Tum
1140 1162 1239 1191 vero
1269 1149 1387 1204 (450)
1419 1145 1598 1191 ‘mortem

103 1225 193 1258 orat
230 1218 432 1273 taedetque
468 1218 568 1259 caeli
605 1232 774 1259 conventa
804 1216 939 1272 tueri’,
978 1220 1102 1273 atque
1131 1230 1229 1259 cum
1256 1218 1428 1273 insuper
1456 1217 1598 1260 divom

104 1287 306 1341 auguriiS,
349 1286 546 1329 manibus
589 1288 794 1341 coniugis,
836 1288 1053 1328 nocturnis
1089 1287 1194 1327 visis
1235 1288 1427 1339 vexetur,
1470 1286 1598 1328 furias

104 1355 284 1409 concipit
327 1355 462 1396 evicta
503 1354 643 1395 dolore
685 1366 734 1395 ac
772 1356 937 1408 tempus
974 1355 1120 1395 mortis
1157 1353 1413 1407 modumque
1453 1365 1598 1395 secum

104 1423 247 1476 exigit.
306 1421 484 1462 Simulat
515 1435 540 1462 a
568 1421 780 1462 sacerdote
808 1421 1019 1474 Massylea
1055 1421 1134 1462 sibi
1172 1420 1405 1462 remedium
1444 1423 1597 1462 amoris

101 1489 203 1542 fore,
239 1487 439 1542 iubetque
470 1500 652 1539 sororem
684 1501 833 1543 rogum
861 1490 1021 1543 erigere
1050 1501 1099 1530 ac
1128 1500 1405 1542 quaecunque
1430 1489 1598 1529 Aeneas

103 1556 320 1609 reliquerit
335 1556 367 1610 ¹)
398 1556 752 1609 superimponere,
783 1568 899 1598 sacra
927 1556 1025 1597 facit
1053 1558 1094 1596 et
1122 1568 1161 1595 V.
1193 1555 1296 1595 519:

271 1629 430 1663 testatur
457 1622 651 1663 moritura
680 1622 770 1663 deos
797 1629 832 1663 et
860 1622 1012 1663 comnia
1030 1622 1118 1677 fati

272 1690 431 1738 sidera,-
459 1697 541 1730 tum
568 1690 603 1730 si
630 1690 737 1745 quod
759 1705 839 1731 mm
867 1704 989 1745 aequo
1009 1690 1174 1746 foedere
1202 1688 1371 1729 amantis

238 1780 243 1782 -
272 1772 389 1799 curae
411 1772 554 1799 numen
578 1757 689 1798 habet
718 1751 935 1812 iustumque
961 1771 1184 1812 memorque
1204 1762 1406 1810 precatur.

105 1823 269 1866 Deinde
302 1839 340 1869 v.
370 1826 450 1867 642
481 1851 534 1857 ο-
566 1828 608 1867 et
641 1838 756 1867 nunc
784 1826 1045 1867 conveniunt
1074 1837 1181 1879 quae
1210 1836 1311 1865 sane
1340 1825 1450 1864 arcto
1480 1835 1596 1864 nexu

106 1893 327 1934 coniuncta
351 1896 450 1934 sunt
467 1917 526 1935 .—
556 1896 603 1934 ut
632 1905 749 1934 sacra
776 1905 855 1934 sua
881 1893 933 1934 ad
951 1892 1080 1935 finem
1101 1893 1314 1946 perducat,
1339 1891 1431 1944 ipsa
1449 1903 1598 1944 rogum

106 1959 304 2000 ascendit.
376 1959 526 2002 Utrum
565 1960 780 2015 Vergilius
823 1972 972 2001 versus
1016 1959 1205 2000 631-41
1247 1957 1443 2000 secundis
1486 1959 1599 1999 curis

106 2038 237 2067 novas
267 2026 468 2069 addiderit
499 2041 552 2069 an
584 2027 704 2069 modo
735 2027 915 2068 similem
945 2039 1127 2080 scenam,
1167 2040 1248 2080 qua
1276 2027 1421 2067 nutrix
1452 2026 1503 2067 ad
1534 2038 1601 2067 so-

197 2164 234 2204 1)
268 2164 387 2208 Atque
406 2154 408 2157 ⁸
425 2174 505 2198 cum
541 2174 635 2198 nunc
668 2174 705 2198 re
735 2174 817 2198 vera
847 2163 985 2198 Aeneas
1017 2162 1155 2203 abierit,
1197 2161 1308 2196 multo
1340 2161 1467 2197 melius
1500 2163 1601 2196 stant

105 2234 135 2256 v.
159 2221 227 2256 465
250 2231 324 2265 sqq.
356 2218 442 2263 'aqit
474 2222 545 2262 ipse
572 2222 742 2263 furentem
773 2222 805 2253 in
837 2221 956 2253 somnis
976 2222 1080 2263 ferus
1109 2221 1244 2252 Aeneas
1276 2230 1466 2260 semperque
1499 2219 1601 2250 relin-

105 2280 161 2321 qui
181 2278 256 2311 sola
279 2278 345 2310 sibi
366 2302 374 2310 .
402 2303 409 2310 .
435 2303 442 2310 .
469 2274 607 2310 videtur'
642 2279 749 2326 atque
781 2277 899 2323 aptius
928 2277 1062 2312 dictum
1095 2278 1149 2312 est
1181 2288 1211 2311 V.
1238 2276 1304 2312 507
1340 2277 1428 2308 ensis
1464 2277 1600 2309 relictus

106 2337 299 2381 effigiesque
323 2337 360 2369 et
383 2335 452 2370 495
475 2347 571 2367 arma
594 2335 661 2367 viri
682 2335 824 2366 thalamo
850 2346 932 2375 quae
946 2334 1030 2374 fixa
1055 2332 1194 2376 reliquit,
1228 2333 1295 2368 497
1322 2334 1456 2366 abolere
1481 2340 1601 2366 cuncta

104 2394 171 2426 viri
200 2392 389 2425 monimenta
422 2392 512 2424 iuvat
519 2405 531 2432 ;
560 2402 643 2426 nam
673 2391 758 2437 quid
787 2391 959 2427 delectare
991 2393 1111 2437 potest
1134 2401 1175 2426 ea
1198 2390 1322 2434 delere,
1355 2402 1444 2438 qnae
1468 2391 1601 2427 Didoni

104 2452 245 2486 Aeneae
275 2449 481 2485 memoriam
514 2450 674 2491 afferunt,
707 2449 816 2489 donec
847 2449 925 2493 ipsa
960 2449 1095 2491 classis,
1126 2460 1230 2495 quem
1257 2449 1414 2494 quotidie
1446 2461 1464 2484 e
1496 2449 1598 2484 domo

105 2519 170 2543 sua
194 2506 391 2553 prospicere
416 2508 546 2552 potest,
569 2504 699 2542 iterum
724 2506 922 2552 iterumque
946 2505 1039 2541 hanc
1062 2507 1268 2543 memoriam
1292 2506 1460 2544 revocat?
