1709 2978
697 122 752 131 ....
808 91 974 141 22'-

84 225 187 267 nino
217 224 405 266 defuisse
431 225 683 278 poetamque
709 224 838 264 totam
873 223 919 264 in
951 236 1035 278 qua
1065 226 1107 266 et
1131 222 1340 266 Helenam
1373 223 1414 263 et
1443 220 1585 263 Vene-

84 304 174 335 rem
201 291 420 334 induceret
447 302 620 332 scenam
646 291 792 344 postea
808 288 981 332 demum
1004 291 1204 333 secundis
1223 291 1335 332 curis
1354 288 1585 333 inseruisse

86 371 307 411 censeam,
350 369 492 412 neque
535 357 651 398 enim
690 354 829 398 solum
863 355 913 396 ¹in
952 356 1074 400 initio
1110 359 1238 400 huius
1273 357 1355 399 loci
1391 355 1586 398 lacunam

87 428 189 470 satis
229 426 413 480 amplam
451 424 746 478 perspicimus,
777 423 866 472 hiat
901 426 1031 467 oratio
1071 427 1223 468 iterum
1262 426 1307 466 in
1344 423 1430 465 fine
1467 423 1584 474 eius;

87 506 183 536 nam
211 493 427 536 enunciati
454 491 554 534 inde
584 505 609 533 a
642 503 766 532 versu
796 490 883 539 626,
905 491 1026 534 deest
1053 493 1261 549 apodosis.
1303 493 1442 546 Atque
1461 490 1586 532 etiam

88 561 171 603 duo
214 559 480 602 hemistichia
508 559 604 600 614.
635 559 717 599 623
752 561 886 600 totum
921 561 1065 602 locum
1103 573 1191 603 non
1231 560 1461 615 perfectum
1490 569 1586 600 esse

87 627 248 669 docent.
1030 679 1037 689 ·

200 693 365 736 Deinde
391 694 486 736 ideo
518 695 658 736 locum
689 696 888 737 secundis
916 696 1029 737 curis
1056 696 1243 738 additum
1262 694 1458 747 iudicem,
1488 694 1588 748 quia

87 773 230 803 rerum
269 773 432 804 nexum
465 763 751 819 interrumpit3
795 776 893 806 nam
931 766 973 805 et
1007 763 1351 806 antecedentibus
1380 761 1490 803 male
1518 760 1588 803 ad-

89 830 262 872 iunctus
293 831 358 870 est
384 842 525 884 neque
554 843 652 871 cum
680 831 1005 885 insequentibus
1026 832 1121 872 coit.
1170 832 1340 873 Aeneas
1360 843 1457 871 cum
1474 828 1588 870 Pria·

89 908 209 939 mum
238 907 386 938 senem
406 896 527 938 foede
546 899 786 939 truncatum
807 897 960 952 videat,
989 898 1124 953 ipsius
1147 899 1277 953 patris
1295 897 1588 949 reminiscitur,

91 964 166 1017 qui
206 964 382 1013 inermis
424 975 589 1005 summo
627 965 814 1018 periculo
854 964 1044 1007 obiectus
1083 978 1180 1006 cum
1219 964 1376 1007 Creusa
1415 968 1457 1006 et
1496 963 1600 1004 Iulo·

92 1029 208 1074 domi
235 1032 421 1073 moratur
446 1044 486 1071 v.
521 1031 626 1073 559:

258 1112 306 1138 ac
332 1112 395 1140 me
422 1105 505 1139 tum
525 1099 711 1152 primum
737 1112 869 1139 saevos
896 1099 1143 1140 circumstetit
1169 1099 1313 1141 horror

259 1165 455 1220 obstupui,
484 1166 599 1207 subiit
628 1166 716 1207 cari
736 1166 922 1220 yenitoris
948 1167 1093 1220 imaqo,

259 1239 302 1273 ut
327 1247 457 1287 reqem
485 1246 721 1287 aequaevom
750 1233 900 1274 crudeli
926 1233 1078 1275 volnere
1103 1235 1187 1275 vidi

260 1300 382 1340 vitam
408 1299 667 1349 exhalantem,
696 1300 810 1341 subiit
840 1300 991 1341 deserta
1022 1301 1172 1342 &enea

260 1373 297 1407 et
327 1367 486 1420 direpta
517 1367 655 1407 domus
684 1374 718 1407 et
736 1367 861 1420 parvi
887 1381 999 1407 casus
1028 1367 1121 1408 Iuli.

91 1434 414 1489 Exspectamus,
447 1430 600 1488 ‘pium’
635 1434 825 1476 Aeneam
871 1447 967 1475 cum
1013 1437 1098 1476 tam
1140 1448 1315 1476 saevum
1359 1435 1590 1490 periculum

92 1513 267 1543 suorum
306 1501 388 1543 sibi
423 1502 514 1556 ipse
551 1503 647 1542 ante
685 1502 829 1543 oculos
871 1503 1072 1556 posuerit,
1111 1503 1248 1543 statim
1286 1503 1457 1544 domum
1498 1514 1591 1543 esse

92 1567 319 1622 abiturum,
350 1593 400 1598 —
432 1581 519 1610 non
549 1567 649 1621 abit,
692 1569 766 1610 sed
797 1572 957 1622 oportet
985 1583 1071 1612 non
1103 1570 1234 1611 multo
1263 1572 1356 1625 post
1388 1568 1591 1611 Venerem

91 1635 205 1677 idem
238 1635 475 1693 periculum
512 1636 647 1679 isdem
676 1635 817 1677 verbis
847 1648 1074 1691 exponere,
1114 1649 1222 1692 quae
1259 1637 1592 1691 pronuntiantur,

93 1704 216 1759 quasi
246 1704 416 1746 Aeneas
453 1708 577 1745 antea
613 1704 804 1745 nondum
842 1704 935 1757 ipse
976 1716 1150 1747 suorum
1190 1703 1428 1746 recordatus
1467 1706 1592 1756 esset,

94 1784 132 1811 v.
167 1771 269 1814 595:

263 1837 362 1891 quid
376 1838 490 1892 furia
516 1844 585 1876 aut
613 1852 786 1891 quonam
812 1838 937 1878 nostri
964 1836 1034 1876 tibi
1067 1850 1165 1876 cura
1191 1837 1342 1876 recessit
1355 1837 1374 1876 f?

260 1918 341 1944 non
363 1905 482 1957 prins
509 1904 674 1957 aspicies
701 1904 770 1945 uhi
787 1904 943 1959 fessum
972 1909 1096 1944 aetate
1116 1909 1327 1956 parentem

262 1971 422 2026 liqueris
444 1971 654 2020 Anchisen,
684 1977 838 2024 cuperet
865 1971 1082 2011 coniunxne
1112 1969 1262 2010 Creusa

262 2037 533 2093 Ascaniusque
558 2051 660 2092 puer
673 2037 693 2078 ‚9

93 2105 189 2147 Hoc
215 2106 292 2149 vix
319 2105 560 2150 ferendum:
591 2108 664 2147 aut
683 2106 841 2147 erudeli
868 2106 996 2146 caede
1020 2104 1177 2146 Priami
1197 2106 1289 2146 visa
1309 2107 1595 2146 commovetur

95 2173 280 2227 Aeneae,
309 2174 356 2214 ut
385 2173 475 2215 suis
507 2175 706 2227 occurrat,
745 2175 817 2215 aut
844 2174 975 2215 matre
1005 2172 1219 2224 hortante3
1258 2174 1434 2227 utraque
1467 2183 1595 2214 causa

94 2253 169 2295 per
198 2252 245 2281 se
274 2239 441 2293 sufficit,
469 2240 617 2281 ambae
647 2241 838 2281 nimium.
899 2239 1075 2281 Censuit
1102 2239 1356 2281 Weidnerus
1386 2241 1441 2294 (p.
1471 2239 1592 2292 401):

191 2409 228 2452 1)
261 2408 293 2444 si
316 2408 369 2444 vis
394 2409 577 2444 consentio
601 2418 681 2444 cum
704 2407 960 2453 Peerlkampio,
1000 2406 1062 2452 qui
1085 2407 1202 2441 totum
1226 2406 1343 2441 locum
1369 2426 1413 2432 —
1437 2405 1594 2452 exeeptis

96 2475 150 2500 vv.
174 2464 347 2506 624—33‚
372 2466 434 2510 qui
457 2467 579 2500 tamen
603 2467 702 2500 arcto
727 2466 866 2500 vinculo
892 2475 972 2500 cnm
998 2462 1288 2498 antecedentibus
1311 2463 1427 2499 iuncti
1449 2464 1534 2498 sunt
1553 2483 1590 2489 -

96 2532 160 2559 suo
186 2531 282 2557 more
307 2522 561 2569 interpolatum
585 2523 701 2568 putat.
