1709 2978
742 91 988 132 ...9-

119 216 308 270 voluerit,
332 219 424 258 uter
451 217 578 257 totius
605 215 800 257 carminis
829 215 891 255 uti
910 215 1048 254 exstat
1064 211 1216 253 rationi
1234 210 1359 250 fuerit
1378 220 1608 250 accommo-

119 282 268 335 datior;
299 285 628 325 consentaneum
656 281 768 324 hunc
796 281 923 323 etiam
949 279 1221 336 posteriorem
1241 276 1441 331 scriptum
1471 287 1576 338 esse.

230 351 293 391 Ac
319 350 501 405 primum
528 351 717 404 pugnant
743 348 853 388 inter
882 359 928 388 se
956 347 998 387 ei
1024 347 1125 399 loci,
1158 343 1314 398 quibus
1344 343 1396 382 de
1427 342 1512 381 fine
1541 341 1607 380 iti-

119 418 232 459 neris
260 416 533 459 Troianorum
563 413 720 470 agiturj
751 417 850 456 sunt
878 417 1031 466 autem,
1070 413 1107 455 si
1146 423 1305 454 errores
1335 408 1386 451 ab
1416 409 1536 450 initio
1565 405 1607 448 id

119 488 183 527 est
210 485 262 527 ab
292 485 419 527 altero
445 476 650 525 ‘Aeneidis
678 481 784 525 libro
812 482 1054 537 relegimus,
1083 480 1150 521 hi:

119 552 218 596 dicit
247 553 415 607 Creusa,
444 560 540 593 cum
568 552 663 607 post
691 553 866 593 mortem
895 549 1042 592 marito
1070 549 1328 604 compareat:

200 617 255 675 II,
285 619 365 662 780
393 619 510 673 lonqa
538 618 608 659 cibi
634 618 752 660 eoeilia
779 625 813 659 et
839 623 990 658 vastum
1012 617 1136 657 maris
1166 630 1313 671 aequor
1340 612 1540 655 arandum

395 692 429 728 et
452 681 599 728 terram
628 683 866 740 Hesperiam
893 683 1030 735 venies,
1061 682 1129 725 ubi
1150 682 1304 741 Lydius
1329 695 1428 723 arva

394 755 494 794 inter
521 753 657 807 opima
679 754 822 794 virum*
837 753 914 793 leni
926 752 1024 806 fluit
1047 752 1202 803 aymine
1237 749 1412 804 ssybris.

123 825 196 868 sed
224 824 361 867 statim
388 820 593 877 legimus:

184 891 262 945 III,
289 893 315 932 8
397 920 407 929 .
430 919 439 928 .
458 919 468 928 .
495 887 655 928 classem
685 919 694 928 .
721 920 730 928 .
753 919 763 928 .
792 888 972 928 molimus

394 954 565 997 incerti
591 968 666 1010 quo
687 954 783 1011 fata
802 953 955 1011 ferant,
987 954 1055 996 ubi
1081 954 1211 995 sistere
1240 953 1364 994 detur.

121 1023 215 1066 Deli
244 1023 394 1065 deinde
423 1022 633 1076 Apollinis
663 1022 828 1064 oraculo
858 1022 1077 1064 docentur:

183 1087 259 1145 Ill,
285 1091 339 1132 94
533 1102 632 1144 quae
659 1103 725 1131 vos
749 1104 775 1130 a
802 1089 923 1144 stirpe
945 1095 1157 1143 parentum

390 1156 532 1210 prima
562 1156 648 1197 tulit
675 1154 784 1197 tellus
813 1155 948 1198 eadem
975 1170 1040 1198 vos
1067 1156 1181 1197 ubere
1214 1156 1313 1197 laeto

393 1224 557 1278 accipiet
580 1225 762 1276 reduces3
792 1225 994 1280 antiquam
1023 1224 1211 1279 exquirite
1237 1221 1428 1263 matrem!

120 1290 329 1347 Navigant
360 1303 445 1333 non
472 1292 516 1333 in
547 1297 698 1334 terram
725 1289 976 1346 Hesperiam
1006 1290 1080 1334 sed
1110 1290 1286 1346 Cretam,
1326 1288 1398 1332 ubi
1428 1288 1607 1344 Thybris

121 1371 205 1399 non
234 1358 346 1409 fluit,
376 1358 436 1399 ibi
465 1362 605 1400 autem
633 1362 806 1413 penates
828 1359 991 1400 iubent:

181 1425 257 1481 III,
288 1425 366 1468 163
397 1431 450 1467 est
479 1424 583 1467 locas
612 1451 665 1456 —-
694 1424 933 1480 Hesperiam
963 1425 1068 1470 Grai
1088 1425 1309 1481 coynomine
1339 1424 1471 1467 dicunt
1500 1451 1553 1455 —

393 1499 500 1533 tem-a
530 1493 692 1548 amiqua
718 1499 854 1546 potem
882 1494 1006 1535 armis
1033 1500 1147 1548 atque-
1176 1492 1290 1533 ubere
1315 1493 1475 1547 ylaebae
1504 1535 1507 1538 ,

396 1559 556 1602 Oenotri
581 1560 730 1602 coluere
756 1559 843 1610 viri,
870 1575 971 1602 nunc
989 1562 1112 1616 fama
1142 1560 1308 1602 minores

394 1625 556 1668 Italiam
586 1626 729 1668 dimisse
751 1627 859 1669 ducis
884 1627 931 1669 de
957 1627 1110 1669 nomine
1136 1635 1288 1682 qemem
1304 1629 1334 1681 ¹)

394 1693 467 1735 hae
493 1694 602 1735 nobis
623 1696 820 1748 propriae
847 1696 965 1737 sedes.

1001 1762 1094 1804 haec
1123 1763 1227 1804 dicta
1248 1762 1412 1815 parenti

394 1826 503 1870 haud
530 1828 748 1870 dubitanda
775 1832 896 1885 refer,
928 1829 1142 1885 Covythum
1166 1837 1365 1885 terrasque
1391 1818 1590 1885 requirat.

396 1896 606 1938 Ausonias.

122 1961 233 2004 Dicit
260 1962 385 2003 etiam
415 1961 595 2006 Celaeno
624 1960 700 2017 111,
729 1963 831 2004 253:

394 2028 558 2072 Italiam
585 2045 701 2072 cursa
720 2031 856 2084 petitis

215 2170 252 2207 1)
285 2169 349 2202 hos
380 2178 500 2202 versus
532 2169 569 2203 in
602 2169 714 2204 tertio
749 2170 837 2205 libro
872 2170 1055 2215 primarios
1079 2181 1154 2205 esse
1178 2173 1284 2214 atque
1310 2181 1350 2205 ex
1375 2170 1442 2204 hoc
1467 2169 1608 2204 demum

120 2228 196 2262 loco
220 2227 257 2261 in
280 2226 432 2271 primum
457 2225 586 2260 librum
612 2228 662 2270 (v,
679 2227 771 2261 530-
794 2228 853 2270 33)
879 2227 1029 2267 fluxisse,
1054 2238 1157 2271 quem
1183 2238 1263 2261 cum
1285 2226 1485 2262 Conradino
1503 2227 1611 2260 tertio

120 2283 348 2330 posteriorem
378 2280 495 2328 putat,
530 2282 712 2319 contendit
743 2282 969 2320 Albrechtius
1004 2282 1167 2329 (Jahrbb.
1201 2283 1225 2318 f.
1254 2283 1355 2319 class.
1387 2283 1481 2319 Phil.
1508 2283 1612 2327 1882)

121 2350 231 2385 neque
255 2341 374 2374 tamen
398 2339 560 2383 probavit
568 2351 577 2380 ;
603 2341 634 2375 si
658 2340 800 2376 omnino
825 2341 866 2376 de
891 2343 1038 2386 utroque
1063 2341 1139 2376 loco
1156 2343 1292 2376 certum
1310 2339 1444 2385 aliquid
1461 2339 1612 2374 iudicari

120 2395 263 2442 poterit,
289 2395 378 2430 mihi
401 2394 505 2429 verba
527 2393 654 2432 'nunc
677 2397 798 2432 fama
821 2397 973 2433 minores
999 2394 1084 2443 sqq.v
1112 2398 1223 2432 multo
1248 2397 1373 2433 melius
1397 2396 1435 2430 in
1454 2396 1612 2430 oratione

121 2453 247 2490 Ilionei
269 2452 389 2489 audire
413 2451 587 2495 videntur,
620 2464 726 2500 quam
750 2465 771 2489 a
794 2454 981 2505 penatibus
1005 2454 1247 2507 pronuntiata,
1281 2454 1475 2505 genuinum
1499 2453 1612 2505 igitur

121 2511 238 2546 locum
259 2510 298 2546 in
320 2509 434 2555 primo
458 2509 623 2548 habuisse
645 2510 746 2549 libro.
1049 2511 1051 2513 ’
