<?xml version="1.0" encoding="UTF-8"?>
<!DOCTYPE html PUBLIC "-//W3C//DTD XHTML 1.0 Transitional//EN"
    "http://www.w3.org/TR/xhtml1/DTD/xhtml1-transitional.dtd">
<html xmlns="http://www.w3.org/1999/xhtml" xml:lang="en" lang="en">
 <head>
  <title>
</title>
<meta http-equiv="Content-Type" content="text/html;charset=utf-8" />
  <meta name='ocr-system' content='tesseract 3.04.00' />
  <meta name='ocr-capabilities' content='ocr_page ocr_carea ocr_par ocr_line ocrx_word'/>
</head>
<body>
  <div class='ocr_page' id='page_1' title='image "4737840_0068.png"; bbox 0 0 1709 2978; ppageno 0'>
   <div class='ocr_carea' id='block_1_1' title="bbox 31 222 1579 2295">
    <p class='ocr_par' dir='ltr' id='par_1_1' title="bbox 31 222 1579 2295">
     <span class='ocr_line' id='line_1_1' title="bbox 218 222 1347 278; baseline -0.002 -13"><span class='ocrx_word' id='word_1_1' title='bbox 218 223 252 278; x_wconf 92' lang='lat' dir='ltr'><em>I,</em></span> <span class='ocrx_word' id='word_1_2' title='bbox 280 225 361 267; x_wconf 86' lang='lat'><em>469</em></span> <span class='ocrx_word' id='word_1_3' title='bbox 390 239 458 266; x_wconf 81' lang='lat' dir='ltr'><em>nec</em></span> <span class='ocrx_word' id='word_1_4' title='bbox 475 224 622 278; x_wconf 85' lang='lat' dir='ltr'><em>procul</em></span> <span class='ocrx_word' id='word_1_5' title='bbox 647 224 736 265; x_wconf 76' lang='lat' dir='ltr'><em>Izinc</em></span> <span class='ocrx_word' id='word_1_6' title='bbox 763 224 888 266; x_wconf 80' lang='lat' dir='ltr'><em>Rhesi</em></span> <span class='ocrx_word' id='word_1_7' title='bbox 914 224 1031 265; x_wconf 87' lang='lat' dir='ltr'><em>niveis</em></span> <span class='ocrx_word' id='word_1_8' title='bbox 1063 223 1229 265; x_wconf 78' lang='lat' dir='ltr'><em>tentoria</em></span> <span class='ocrx_word' id='word_1_9' title='bbox 1256 222 1347 264; x_wconf 86' lang='lat' dir='ltr'><em>velis</em></span> 
     </span>
     <span class='ocr_line' id='line_1_2' title="bbox 253 291 841 346; baseline -0.002 -14"><span class='ocrx_word' id='word_1_10' title='bbox 253 339 257 343; x_wconf 45' lang='grc'>,</span> <span class='ocrx_word' id='word_1_11' title='bbox 388 292 590 346; x_wconf 63' lang='lat' dir='ltr'><em>adgnoscit</em></span> <span class='ocrx_word' id='word_1_12' title='bbox 616 291 841 332; x_wconf 81' lang='lat' dir='ltr'><em>lacrimans.</em></span> 
     </span>
     <span class='ocr_line' id='line_1_3' title="bbox 208 357 1091 413; baseline 0 -15"><span class='ocrx_word' id='word_1_13' title='bbox 208 378 210 381; x_wconf 37' lang='lat' dir='ltr'><strong>f</strong></span> <span class='ocrx_word' id='word_1_14' title='bbox 284 359 362 400; x_wconf 90' lang='grc'><em>702</em></span> <span class='ocrx_word' id='word_1_15' title='bbox 390 358 581 413; x_wconf 73' lang='lat' dir='ltr'><em>tonsisque</em></span> <span class='ocrx_word' id='word_1_16' title='bbox 599 357 740 412; x_wconf 87' lang='lat' dir='ltr'><em>ferunt</em></span> <span class='ocrx_word' id='word_1_17' title='bbox 767 358 952 399; x_wconf 84' lang='lat' dir='ltr'><em>mantelia</em></span> <span class='ocrx_word' id='word_1_18' title='bbox 980 357 1091 398; x_wconf 82' lang='lat' dir='ltr'><em>villis.</em></span> 
     </span>
     <span class='ocr_line' id='line_1_4' title="bbox 179 424 1085 479; baseline 0 -14"><span class='ocrx_word' id='word_1_19' title='bbox 179 424 252 478; x_wconf 88' lang='lat' dir='ltr'><em>IV,</em></span> <span class='ocrx_word' id='word_1_20' title='bbox 281 426 358 466; x_wconf 87' lang='grc'><em>131</em></span> <span class='ocrx_word' id='word_1_21' title='bbox 389 425 469 465; x_wconf 85' lang='lat' dir='ltr'><em>lato</em></span> <span class='ocrx_word' id='word_1_22' title='bbox 497 424 686 466; x_wconf 75' lang='lat' dir='ltr'><em>venabula</em></span> <span class='ocrx_word' id='word_1_23' title='bbox 703 424 834 479; x_wconf 88' lang='lat' dir='ltr'><em>ferro.</em></span> <span class='ocrx_word' id='word_1_24' title='bbox 1080 438 1085 445; x_wconf 91' lang='lat'><strong>·</strong></span> 
     </span>
     <span class='ocr_line' id='line_1_5' title="bbox 201 491 1214 546; baseline 0 -14"><span class='ocrx_word' id='word_1_25' title='bbox 201 491 251 545; x_wconf 88' lang='lat' dir='ltr'><em>V,</em></span> <span class='ocrx_word' id='word_1_26' title='bbox 282 493 362 534; x_wconf 89' lang='grc'><em>208</em></span> <span class='ocrx_word' id='word_1_27' title='bbox 391 498 506 532; x_wconf 87' lang='lat' dir='ltr'><em>acuta</em></span> <span class='ocrx_word' id='word_1_28' title='bbox 535 491 694 544; x_wconf 79' lang='lat' dir='ltr'><em>cuspide</em></span> <span class='ocrx_word' id='word_1_29' title='bbox 716 497 845 531; x_wconf 79' lang='lat' dir='ltr'><em>contos</em></span> <span class='ocrx_word' id='word_1_30' title='bbox 872 514 926 521; x_wconf 93' lang='lat'><strong>—</strong></span> <span class='ocrx_word' id='word_1_31' title='bbox 949 493 1157 546; x_wconf 40' lang='lat' dir='ltr'><em>ess‘cpediunt</em></span> <span class='ocrx_word' id='word_1_32' title='bbox 1170 493 1214 546; x_wconf 82' lang='grc' dir='ltr'><em>ι).</em></span> 
     </span>
     <span class='ocr_line' id='line_1_6' title="bbox 157 557 929 613; baseline -0.003 -13"><span class='ocrx_word' id='word_1_33' title='bbox 157 559 252 613; x_wconf 92' lang='lat' dir='ltr'>VII,</span> <span class='ocrx_word' id='word_1_34' title='bbox 284 561 361 601; x_wconf 88' lang='lat'><em>747</em></span> <span class='ocrx_word' id='word_1_35' title='bbox 393 559 504 599; x_wconf 84' lang='lat' dir='ltr'><em>duris</em></span> <span class='ocrx_word' id='word_1_36' title='bbox 532 557 748 613; x_wconf 73' lang='lat' dir='ltr'><em>Aequicula</em></span> <span class='ocrx_word' id='word_1_37' title='bbox 771 557 929 612; x_wconf 74' lang='lat' dir='ltr'><em>qlaebis.</em></span> 
     </span>
     <span class='ocr_line' id='line_1_7' title="bbox 271 623 1299 681; baseline 0 -14"><span class='ocrx_word' id='word_1_38' title='bbox 271 628 361 669; x_wconf 90' lang='grc'><em>,817</em></span> <span class='ocrx_word' id='word_1_39' title='bbox 559 623 727 680; x_wconf 77' lang='lat' dir='ltr'><em>Lyciam</em></span> <span class='ocrx_word' id='word_1_40' title='bbox 755 632 797 666; x_wconf 89' lang='lat' dir='ltr'><em>ut</em></span> <span class='ocrx_word' id='word_1_41' title='bbox 822 633 934 680; x_wconf 74' lang='lat' dir='ltr'><em>qerat</em></span> <span class='ocrx_word' id='word_1_42' title='bbox 959 627 1049 681; x_wconf 84' lang='lat' dir='ltr'><em>ipse</em></span> <span class='ocrx_word' id='word_1_43' title='bbox 1063 626 1299 681; x_wconf 77' lang='lat' dir='ltr'><strong><em>pharetram</em></strong></span> 
     </span>
     <span class='ocr_line' id='line_1_8' title="bbox 390 685 1327 749; baseline 0.001 -15"><span class='ocrx_word' id='word_1_44' title='bbox 390 700 424 734; x_wconf 88' lang='lat' dir='ltr'><em>et</em></span> <span class='ocrx_word' id='word_1_45' title='bbox 444 691 690 746; x_wconf 85' lang='lat' dir='ltr'><em>pastoralem</em></span> <span class='ocrx_word' id='word_1_46' title='bbox 711 693 903 748; x_wconf 70' lang='lat' dir='ltr'><em>praefixa</em></span> <span class='ocrx_word' id='word_1_47' title='bbox 933 685 1100 748; x_wconf 76' lang='lat' dir='ltr'><em>cuspide</em></span> <span class='ocrx_word' id='word_1_48' title='bbox 1120 694 1327 749; x_wconf 77' lang='lat' dir='ltr'><em>myrthum.</em></span> 
     </span>
     <span class='ocr_line' id='line_1_9' title="bbox 137 755 1291 816; baseline 0.001 -14"><span class='ocrx_word' id='word_1_49' title='bbox 137 761 254 815; x_wconf 83' lang='lat' dir='ltr'>VIII,</span> <span class='ocrx_word' id='word_1_50' title='bbox 284 762 361 803; x_wconf 87' lang='lat'><em>351</em></span> <span class='ocrx_word' id='word_1_51' title='bbox 381 760 578 816; x_wconf 87' lang='lat' dir='ltr'><em>frondoso</em></span> <span class='ocrx_word' id='word_1_52' title='bbox 603 759 739 801; x_wconf 82' lang='lat' dir='ltr'><em>vertice</em></span> <span class='ocrx_word' id='word_1_53' title='bbox 767 759 900 812; x_wconf 68' lang='lat' dir='ltr'><em>collem</em></span> <span class='ocrx_word' id='word_1_54' title='bbox 930 787 982 793; x_wconf 96' lang='lat'><strong>—</strong></span> <span class='ocrx_word' id='word_1_55' title='bbox 1010 761 1157 803; x_wconf 74' lang='lat' dir='ltr'><em>habitat</em></span> <span class='ocrx_word' id='word_1_56' title='bbox 1186 755 1291 803; x_wconf 84' lang='lat' dir='ltr'><em>deus.</em></span> 
     </span>
     <span class='ocr_line' id='line_1_10' title="bbox 281 824 1339 882; baseline -0.002 -13"><span class='ocrx_word' id='word_1_57' title='bbox 281 830 361 869; x_wconf 85' lang='lat'><em>355</em></span> <span class='ocrx_word' id='word_1_58' title='bbox 390 827 482 868; x_wconf 79' lang='lat' dir='ltr'><em>haec</em></span> <span class='ocrx_word' id='word_1_59' title='bbox 510 827 587 867; x_wconf 84' lang='lat' dir='ltr'><em>duo</em></span> <span class='ocrx_word' id='word_1_60' title='bbox 606 824 818 880; x_wconf 85' lang='lat' dir='ltr'><em>praeterea</em></span> <span class='ocrx_word' id='word_1_61' title='bbox 847 827 1012 869; x_wconf 86' lang='lat' dir='ltr'><em>disiectis</em></span> <span class='ocrx_word' id='word_1_62' title='bbox 1035 829 1187 882; x_wconf 89' lang='lat' dir='ltr'><em>oppida</em></span> <span class='ocrx_word' id='word_1_63' title='bbox 1215 829 1339 868; x_wconf 87' lang='lat' dir='ltr'><em>muris</em></span> 
     </span>
     <span class='ocr_line' id='line_1_11' title="bbox 389 893 1449 949; baseline -0.002 -14"><span class='ocrx_word' id='word_1_64' title='bbox 389 893 575 949; x_wconf 72' lang='lat' dir='ltr'><em>reliquias</em></span> <span class='ocrx_word' id='word_1_65' title='bbox 598 900 839 949; x_wconf 80' lang='lat' dir='ltr'><em>veterumque</em></span> <span class='ocrx_word' id='word_1_66' title='bbox 867 895 971 936; x_wconf 81' lang='lat' dir='ltr'><em>vides</em></span> <span class='ocrx_word' id='word_1_67' title='bbox 997 895 1233 936; x_wconf 82' lang='lat' dir='ltr'><em>monimenta</em></span> <span class='ocrx_word' id='word_1_68' title='bbox 1263 896 1449 936; x_wconf 84' lang='lat' dir='ltr'><em>virorum.</em></span> 
     </span>
     <span class='ocr_line' id='line_1_12' title="bbox 177 959 1142 1015; baseline 0 -13"><span class='ocrx_word' id='word_1_69' title='bbox 177 959 250 1014; x_wconf 89' lang='lat' dir='ltr'><em>IX,</em></span> <span class='ocrx_word' id='word_1_70' title='bbox 308 961 360 1002; x_wconf 88' lang='lat'><em>50</em></span> <span class='ocrx_word' id='word_1_71' title='bbox 390 961 581 1015; x_wconf 78' lang='lat' dir='ltr'><em>cristaque</em></span> <span class='ocrx_word' id='word_1_72' title='bbox 607 960 697 1014; x_wconf 74' lang='lat' dir='ltr'><em>teyit</em></span> <span class='ocrx_word' id='word_1_73' title='bbox 720 960 834 1014; x_wconf 83' lang='lat' dir='ltr'><em>9alea</em></span> <span class='ocrx_word' id='word_1_74' title='bbox 861 976 983 1003; x_wconf 85' lang='lat' dir='ltr'><em>aurea</em></span> <span class='ocrx_word' id='word_1_75' title='bbox 1008 962 1142 1002; x_wconf 81' lang='lat' dir='ltr'><em>rubra.</em></span> 
     </span>
     <span class='ocr_line' id='line_1_13' title="bbox 279 1027 1340 1083; baseline 0.002 -15"><span class='ocrx_word' id='word_1_76' title='bbox 279 1028 360 1068; x_wconf 87' lang='lat'><em>436</em></span> <span class='ocrx_word' id='word_1_77' title='bbox 388 1027 533 1068; x_wconf 82' lang='lat' dir='ltr'><em>lassove</em></span> <span class='ocrx_word' id='word_1_78' title='bbox 551 1041 764 1080; x_wconf 87' lang='lat' dir='ltr'><em>papavera</em></span> <span class='ocrx_word' id='word_1_79' title='bbox 791 1028 886 1069; x_wconf 84' lang='lat' dir='ltr'><em>collo</em></span> <span class='ocrx_word' id='word_1_80' title='bbox 917 1053 969 1059; x_wconf 89' lang='lat'>—</span> <span class='ocrx_word' id='word_1_81' title='bbox 999 1028 1183 1069; x_wconf 80' lang='lat' dir='ltr'><em>demisere</em></span> <span class='ocrx_word' id='word_1_82' title='bbox 1210 1036 1340 1083; x_wconf 86' lang='lat' dir='ltr'><em>caput.</em></span> 
     </span>
     <span class='ocr_line' id='line_1_14' title="bbox 153 1094 1302 1150; baseline 0.001 -15"><span class='ocrx_word' id='word_1_83' title='bbox 153 1094 251 1148; x_wconf 85' lang='lat' dir='ltr'>XII,</span> <span class='ocrx_word' id='word_1_84' title='bbox 282 1095 360 1135; x_wconf 88' lang='lat'><em>766</em></span> <span class='ocrx_word' id='word_1_85' title='bbox 380 1095 492 1149; x_wconf 89' lang='lat' dir='ltr'><em>forte</em></span> <span class='ocrx_word' id='word_1_86' title='bbox 518 1109 627 1134; x_wconf 88' lang='lat' dir='ltr'><em>sacer</em></span> <span class='ocrx_word' id='word_1_87' title='bbox 660 1094 802 1136; x_wconf 85' lang='lat' dir='ltr'><em>Fauno</em></span> <span class='ocrx_word' id='word_1_88' title='bbox 822 1095 937 1150; x_wconf 87' lang='lat' dir='ltr'><em>foliis</em></span> <span class='ocrx_word' id='word_1_89' title='bbox 963 1095 1124 1136; x_wconf 74' lang='lat' dir='ltr'><em>oleaster</em></span> <span class='ocrx_word' id='word_1_90' title='bbox 1152 1097 1302 1137; x_wconf 83' lang='lat' dir='ltr'><em>amaris</em></span> 
     </span>
     <span class='ocr_line' id='line_1_15' title="bbox 387 1161 640 1202; baseline -0.004 0"><span class='ocrx_word' id='word_1_91' title='bbox 387 1161 447 1202; x_wconf 77' lang='lat' dir='ltr'><em>hic</em></span> <span class='ocrx_word' id='word_1_92' title='bbox 475 1168 640 1202; x_wconf 84' lang='lat' dir='ltr'><em>steterat.</em></span> 
     </span>
     <span class='ocr_line' id='line_1_16' title="bbox 98 1228 1405 1287; baseline 0 -17"><span class='ocrx_word' id='word_1_93' title='bbox 98 1230 163 1271; x_wconf 64' lang='lat' dir='ltr'><em>&#39;Gn</em></span> <span class='ocrx_word' id='word_1_94' title='bbox 196 1229 249 1283; x_wconf 87' lang='lat' dir='ltr'><em>ll,</em></span> <span class='ocrx_word' id='word_1_95' title='bbox 280 1231 359 1270; x_wconf 88' lang='grc'><em>102</em></span> <span class='ocrx_word' id='word_1_96' title='bbox 388 1244 465 1269; x_wconf 85' lang='lat' dir='ltr'><em>non</em></span> <span class='ocrx_word' id='word_1_97' title='bbox 494 1243 560 1280; x_wconf 72' lang='lat' dir='ltr'><em>eqo</em></span> <span class='ocrx_word' id='word_1_98' title='bbox 589 1228 713 1287; x_wconf 77' lang='lat' dir='ltr'><em>tedis</em></span> <span class='ocrx_word' id='word_1_99' title='bbox 740 1235 774 1268; x_wconf 88' lang='lat' dir='ltr'><em>et</em></span> <span class='ocrx_word' id='word_1_100' title='bbox 802 1229 942 1269; x_wconf 78' lang='lat' dir='ltr'><em>mensis</em></span> <span class='ocrx_word' id='word_1_101' title='bbox 969 1237 1120 1283; x_wconf 76' lang='lat' dir='ltr'><em>accepte</em></span> <span class='ocrx_word' id='word_1_102' title='bbox 1148 1230 1323 1277; x_wconf 77' lang='lat' dir='ltr'><em>secundis</em></span> <span class='ocrx_word' id='word_1_103' title='bbox 1403 1279 1405 1281; x_wconf 15' lang='lat' dir='ltr'><em>q</em></span> 
     </span>
     <span class='ocr_line' id='line_1_17' title="bbox 387 1293 1481 1346; baseline 0.002 -10"><span class='ocrx_word' id='word_1_104' title='bbox 387 1295 608 1336; x_wconf 73' lang='lat' dir='ltr'><em>transierim</em></span> <span class='ocrx_word' id='word_1_105' title='bbox 638 1293 801 1335; x_wconf 76' lang='lat' dir='ltr'><em>Rhodia</em></span> <span class='ocrx_word' id='word_1_106' title='bbox 830 1302 864 1336; x_wconf 85' lang='lat' dir='ltr'><em>et</em></span> <span class='ocrx_word' id='word_1_107' title='bbox 889 1296 1060 1346; x_wconf 83' lang='lat' dir='ltr'><em>tumidis,</em></span> <span class='ocrx_word' id='word_1_108' title='bbox 1092 1298 1276 1346; x_wconf 73' lang='lat' dir='ltr'><em>burnaste,</em></span> <span class='ocrx_word' id='word_1_109' title='bbox 1306 1299 1481 1339; x_wconf 81' lang='lat' dir='ltr'><em>racemis.</em></span> 
     </span>
     <span class='ocr_line' id='line_1_18' title="bbox 88 1361 1027 1417; baseline -0.001 -13"><span class='ocrx_word' id='word_1_110' title='bbox 88 1365 167 1405; x_wconf 80' lang='lat' dir='ltr'><em>Vel</em></span> <span class='ocrx_word' id='word_1_111' title='bbox 195 1365 447 1406; x_wconf 81' lang='lat' dir='ltr'><em>adiectivum</em></span> <span class='ocrx_word' id='word_1_112' title='bbox 477 1361 686 1417; x_wconf 77' lang='lat' dir='ltr'><em>Vergilius</em></span> <span class='ocrx_word' id='word_1_113' title='bbox 716 1363 876 1404; x_wconf 88' lang='lat' dir='ltr'><em>omisit:</em></span> <span class='ocrx_word' id='word_1_114' title='bbox 1024 1394 1027 1397; x_wconf 85' lang='lat'>.</span> 
     </span>
     <span class='ocr_line' id='line_1_19' title="bbox 180 1430 1291 1487; baseline 0.002 -16"><span class='ocrx_word' id='word_1_115' title='bbox 180 1430 254 1485; x_wconf 84' lang='lat' dir='ltr'>III,</span> <span class='ocrx_word' id='word_1_116' title='bbox 279 1431 360 1472; x_wconf 89' lang='grc'><em>618</em></span> <span class='ocrx_word' id='word_1_117' title='bbox 556 1430 693 1470; x_wconf 79' lang='lat' dir='ltr'><em>domus</em></span> <span class='ocrx_word' id='word_1_118' title='bbox 720 1430 828 1470; x_wconf 85' lang='lat' dir='ltr'><em>sanie</em></span> <span class='ocrx_word' id='word_1_119' title='bbox 857 1430 1099 1487; x_wconf 81' lang='lat' dir='ltr'><em>dapibusque</em></span> <span class='ocrx_word' id='word_1_120' title='bbox 1127 1433 1291 1473; x_wconf 82' lang='lat' dir='ltr'><em>cruentis</em></span> 
     </span>
     <span class='ocr_line' id='line_1_20' title="bbox 392 1497 862 1551; baseline 0.004 -15"><span class='ocrx_word' id='word_1_121' title='bbox 392 1497 494 1537; x_wconf 85' lang='lat' dir='ltr'><em>intus</em></span> <span class='ocrx_word' id='word_1_122' title='bbox 518 1511 644 1549; x_wconf 85' lang='lat' dir='ltr'><em>opaca</em></span> <span class='ocrx_word' id='word_1_123' title='bbox 673 1498 805 1551; x_wconf 61' lang='lat' dir='ltr'><em>ingens</em></span> <span class='ocrx_word' id='word_1_124' title='bbox 818 1499 862 1551; x_wconf 83' lang='lat'><em>2).</em></span> 
     </span>
     <span class='ocr_line' id='line_1_21' title="bbox 88 1564 1575 1621; baseline -0.001 -14"><span class='ocrx_word' id='word_1_125' title='bbox 88 1566 272 1607; x_wconf 80' lang='lat' dir='ltr'><em>Kernius</em></span> <span class='ocrx_word' id='word_1_126' title='bbox 312 1565 389 1606; x_wconf 83' lang='lat' dir='ltr'><em>hoc</em></span> <span class='ocrx_word' id='word_1_127' title='bbox 426 1565 513 1606; x_wconf 87' lang='grc'>1000</span> <span class='ocrx_word' id='word_1_128' title='bbox 551 1564 778 1607; x_wconf 84' lang='lat' dir='ltr'>ablativum</span> <span class='ocrx_word' id='word_1_129' title='bbox 812 1567 1009 1607; x_wconf 82' lang='lat' dir='ltr'><em>materiae</em></span> <span class='ocrx_word' id='word_1_130' title='bbox 1038 1567 1198 1621; x_wconf 85' lang='lat' dir='ltr'><em>accipit,</em></span> <span class='ocrx_word' id='word_1_131' title='bbox 1238 1566 1337 1607; x_wconf 84' lang='lat' dir='ltr'><em>dicit</em></span> <span class='ocrx_word' id='word_1_132' title='bbox 1377 1579 1469 1620; x_wconf 85' lang='lat' dir='ltr'><em>pag.</em></span> <span class='ocrx_word' id='word_1_133' title='bbox 1502 1566 1575 1606; x_wconf 88' lang='lat'><em>38:</em></span> 
     </span>
     <span class='ocr_line' id='line_1_22' title="bbox 83 1629 1577 1687; baseline -0.001 -14"><span class='ocrx_word' id='word_1_134' title='bbox 83 1629 229 1687; x_wconf 77' lang='lat' dir='ltr'><em>‘vergL</em></span> <span class='ocrx_word' id='word_1_135' title='bbox 266 1633 323 1673; x_wconf 91' lang='lat' dir='ltr'><em>im</em></span> <span class='ocrx_word' id='word_1_136' title='bbox 362 1631 539 1673; x_wconf 80' lang='lat' dir='ltr'><em>Dialect&#39;</em></span> <span class='ocrx_word' id='word_1_137' title='bbox 558 1632 617 1672; x_wconf 84' lang='lat' dir='ltr'><em>im</em></span> <span class='ocrx_word' id='word_1_138' title='bbox 646 1631 907 1673; x_wconf 79' lang='lat' dir='ltr'><em>Deutsohen:</em></span> <span class='ocrx_word' id='word_1_139' title='bbox 952 1633 1024 1674; x_wconf 85' lang='lat' dir='ltr'><em>der</em></span> <span class='ocrx_word' id='word_1_140' title='bbox 1053 1632 1199 1674; x_wconf 82' lang='lat' dir='ltr'><em>Boden</em></span> <span class='ocrx_word' id='word_1_141' title='bbox 1230 1646 1313 1674; x_wconf 85' lang='lat' dir='ltr'><em>war</em></span> <span class='ocrx_word' id='word_1_142' title='bbox 1341 1634 1411 1673; x_wconf 79' lang='lat' dir='ltr'><em>ein</em></span> <span class='ocrx_word' id='word_1_143' title='bbox 1441 1630 1577 1685; x_wconf 86' lang='lat' dir='ltr'>Blut&#39;,</span> 
     </span>
     <span class='ocr_line' id='line_1_23' title="bbox 31 1700 1578 1755; baseline 0.001 -15"><span class='ocrx_word' id='word_1_144' title='bbox 31 1731 35 1738; x_wconf 92' lang='lat'><em>.</em></span> <span class='ocrx_word' id='word_1_145' title='bbox 88 1701 161 1741; x_wconf 81' lang='lat' dir='ltr'><em>sed</em></span> <span class='ocrx_word' id='word_1_146' title='bbox 190 1701 331 1741; x_wconf 80' lang='lat' dir='ltr'><em>neseio</em></span> <span class='ocrx_word' id='word_1_147' title='bbox 363 1700 570 1754; x_wconf 87' lang='lat' dir='ltr'><em>quomodo</em></span> <span class='ocrx_word' id='word_1_148' title='bbox 599 1701 725 1755; x_wconf 83' lang='lat' dir='ltr'><em>dapes</em></span> <span class='ocrx_word' id='word_1_149' title='bbox 749 1703 942 1741; x_wconf 81' lang='lat' dir='ltr'><em>cruentas</em></span> <span class='ocrx_word' id='word_1_150' title='bbox 972 1702 1187 1742; x_wconf 77' lang='lat' dir='ltr'><em>materiam</em></span> <span class='ocrx_word' id='word_1_151' title='bbox 1219 1701 1436 1742; x_wconf 77' lang='lat' dir='ltr'><em>nominare</em></span> <span class='ocrx_word' id='word_1_152' title='bbox 1463 1701 1578 1753; x_wconf 77' lang='lat' dir='ltr'><em>velit,</em></span> 
     </span>
     <span class='ocr_line' id='line_1_24' title="bbox 87 1763 1578 1822; baseline 0 -13"><span class='ocrx_word' id='word_1_153' title='bbox 87 1768 227 1822; x_wconf 87' lang='lat' dir='ltr'><em>potius</em></span> <span class='ocrx_word' id='word_1_154' title='bbox 255 1766 549 1822; x_wconf 81' lang='lat' dir='ltr'><em>explicandum</em></span> <span class='ocrx_word' id='word_1_155' title='bbox 580 1772 662 1809; x_wconf 83' lang='lat' dir='ltr'><em>est:</em></span> <span class='ocrx_word' id='word_1_156' title='bbox 691 1763 858 1809; x_wconf 88' lang='lat' dir='ltr'><em>‘domus</em></span> <span class='ocrx_word' id='word_1_157' title='bbox 880 1780 974 1809; x_wconf 87' lang='lat' dir='ltr'><em>cum</em></span> <span class='ocrx_word' id='word_1_158' title='bbox 1004 1769 1120 1810; x_wconf 88' lang='lat' dir='ltr'><em>sanie</em></span> <span class='ocrx_word' id='word_1_159' title='bbox 1150 1770 1191 1809; x_wconf 84' lang='lat' dir='ltr'><em>et</em></span> <span class='ocrx_word' id='word_1_160' title='bbox 1220 1767 1398 1822; x_wconf 87' lang='lat' dir='ltr'><em>dapibus</em></span> <span class='ocrx_word' id='word_1_161' title='bbox 1429 1780 1578 1809; x_wconf 79' lang='lat' dir='ltr'><em>cruen-</em></span> 
     </span>
     <span class='ocr_line' id='line_1_25' title="bbox 86 1834 425 1889; baseline -0.003 -12"><span class='ocrx_word' id='word_1_162' title='bbox 86 1834 168 1889; x_wconf 62' lang='lat' dir='ltr'><em>tis&#39;&gt;</em></span> <span class='ocrx_word' id='word_1_163' title='bbox 194 1847 328 1889; x_wconf 80' lang='lat' dir='ltr'><em>aeque</em></span> <span class='ocrx_word' id='word_1_164' title='bbox 358 1848 425 1876; x_wconf 83' lang='lat' dir='ltr'><em>ac:</em></span> 
     </span>
     <span class='ocr_line' id='line_1_26' title="bbox 229 1902 1354 1956; baseline 0.001 -14"><span class='ocrx_word' id='word_1_165' title='bbox 229 1902 278 1956; x_wconf 93' lang='lat' dir='ltr'><em>V,</em></span> <span class='ocrx_word' id='word_1_166' title='bbox 310 1904 358 1943; x_wconf 87' lang='lat'><em>77</em></span> <span class='ocrx_word' id='word_1_167' title='bbox 391 1902 451 1943; x_wconf 74' lang='lat' dir='ltr'><em>hic</em></span> <span class='ocrx_word' id='word_1_168' title='bbox 480 1903 557 1943; x_wconf 86' lang='lat' dir='ltr'><em>duo</em></span> <span class='ocrx_word' id='word_1_169' title='bbox 585 1903 658 1943; x_wconf 87' lang='lat' dir='ltr'><em>rite</em></span> <span class='ocrx_word' id='word_1_170' title='bbox 683 1917 789 1943; x_wconf 85' lang='lat' dir='ltr'><em>mero</em></span> <span class='ocrx_word' id='word_1_171' title='bbox 819 1903 944 1943; x_wconf 83' lang='lat' dir='ltr'><em>libans</em></span> <span class='ocrx_word' id='word_1_172' title='bbox 971 1903 1167 1944; x_wconf 76' lang='lat' dir='ltr'><em>carchesia</em></span> <span class='ocrx_word' id='word_1_173' title='bbox 1195 1902 1354 1943; x_wconf 72' lang='lat' dir='ltr'><em>Baccho</em></span> 
     </span>
     <span class='ocr_line' id='line_1_27' title="bbox 381 1970 1501 2024; baseline -0.002 -15"><span class='ocrx_word' id='word_1_174' title='bbox 381 1971 522 2024; x_wconf 76' lang='lat' dir='ltr'><em>fundit</em></span> <span class='ocrx_word' id='word_1_175' title='bbox 550 1970 671 2018; x_wconf 76' lang='lat' dir='ltr'><em>humi,</em></span> <span class='ocrx_word' id='word_1_176' title='bbox 704 1971 781 2010; x_wconf 86' lang='lat' dir='ltr'><em>duo</em></span> <span class='ocrx_word' id='word_1_177' title='bbox 810 1970 905 2010; x_wconf 85' lang='lat' dir='ltr'><em>lacte</em></span> <span class='ocrx_word' id='word_1_178' title='bbox 934 1985 1043 2019; x_wconf 86' lang='lat' dir='ltr'><em>novo,</em></span> <span class='ocrx_word' id='word_1_179' title='bbox 1071 1970 1148 2010; x_wconf 87' lang='lat' dir='ltr'><em>duo</em></span> <span class='ocrx_word' id='word_1_180' title='bbox 1177 1970 1362 2023; x_wconf 75' lang='lat' dir='ltr'><em>sanquine</em></span> <span class='ocrx_word' id='word_1_181' title='bbox 1389 1983 1501 2008; x_wconf 85' lang='lat' dir='ltr'><em>sacro</em></span> 
     </span>
     <span class='ocr_line' id='line_1_28' title="bbox 91 2035 1579 2092; baseline -0.003 -12"><span class='ocrx_word' id='word_1_182' title='bbox 91 2060 133 2070; x_wconf 84' lang='lat'>=</span> <span class='ocrx_word' id='word_1_183' title='bbox 165 2038 376 2080; x_wconf 79' lang='lat' dir='ltr'><em>carchesia</em></span> <span class='ocrx_word' id='word_1_184' title='bbox 404 2051 500 2079; x_wconf 83' lang='lat' dir='ltr'><em>cum</em></span> <span class='ocrx_word' id='word_1_185' title='bbox 529 2038 633 2079; x_wconf 78' lang='lat' dir='ltr'><em>laete</em></span> <span class='ocrx_word' id='word_1_186' title='bbox 662 2050 784 2079; x_wconf 85' lang='lat' dir='ltr'><em>novo.</em></span> <span class='ocrx_word' id='word_1_187' title='bbox 842 2037 1078 2092; x_wconf 78' lang='lat' dir='ltr'><em>Wagnerus</em></span> <span class='ocrx_word' id='word_1_188' title='bbox 1106 2038 1183 2079; x_wconf 86' lang='lat' dir='ltr'><em>hoc</em></span> <span class='ocrx_word' id='word_1_189' title='bbox 1211 2038 1301 2080; x_wconf 84' lang='lat' dir='ltr'><em>loc-o</em></span> <span class='ocrx_word' id='word_1_190' title='bbox 1330 2035 1579 2076; x_wconf 84' lang='lat' dir='ltr'><em>sociativum</em></span> 
     </span>
     <span class='ocr_line' id='line_1_29' title="bbox 89 2097 1579 2160; baseline -0.002 -14"><span class='ocrx_word' id='word_1_191' title='bbox 89 2109 199 2147; x_wconf 76' lang='lat' dir='ltr'><em>recte</em></span> <span class='ocrx_word' id='word_1_192' title='bbox 228 2107 378 2157; x_wconf 67' lang='lat' dir='ltr'><em>sensitf.</em></span> <span class='ocrx_word' id='word_1_193' title='bbox 419 2108 462 2147; x_wconf 91' lang='lat' dir='ltr'><em>in</em></span> <span class='ocrx_word' id='word_1_194' title='bbox 494 2107 649 2160; x_wconf 82' lang='lat' dir='ltr'><em>eclogis</em></span> <span class='ocrx_word' id='word_1_195' title='bbox 680 2097 867 2147; x_wconf 73' lang='lat' dir='ltr'>nOndum</span> <span class='ocrx_word' id='word_1_196' title='bbox 896 2106 968 2146; x_wconf 84' lang='lat' dir='ltr'><em>tali</em></span> <span class='ocrx_word' id='word_1_197' title='bbox 998 2109 1202 2147; x_wconf 81' lang='lat' dir='ltr'><em>structura</em></span> <span class='ocrx_word' id='word_1_198' title='bbox 1227 2103 1442 2159; x_wconf 83' lang='lat' dir='ltr'><em>Vergilius</em></span> <span class='ocrx_word' id='word_1_199' title='bbox 1474 2115 1579 2144; x_wconf 86' lang='lat' dir='ltr'><em>usus</em></span> 
     </span>
     <span class='ocr_line' id='line_1_30' title="bbox 91 2174 471 2230; baseline -0.003 -14"><span class='ocrx_word' id='word_1_200' title='bbox 91 2177 167 2227; x_wconf 84' lang='lat' dir='ltr'><em>est,</em></span> <span class='ocrx_word' id='word_1_201' title='bbox 193 2174 266 2215; x_wconf 80' lang='lat' dir='ltr'><em>sed</em></span> <span class='ocrx_word' id='word_1_202' title='bbox 291 2175 471 2230; x_wconf 85' lang='lat' dir='ltr'><em>scripsit:</em></span> 
     </span>
     <span class='ocr_line' id='line_1_31' title="bbox 224 2239 1251 2295; baseline -0.004 -13"><span class='ocrx_word' id='word_1_203' title='bbox 224 2242 277 2295; x_wconf 90' lang='lat' dir='ltr'><em>V,</em></span> <span class='ocrx_word' id='word_1_204' title='bbox 308 2243 359 2282; x_wconf 88' lang='lat'><em>67</em></span> <span class='ocrx_word' id='word_1_205' title='bbox 383 2241 532 2294; x_wconf 84' lang='lat' dir='ltr'><em>pocula</em></span> <span class='ocrx_word' id='word_1_206' title='bbox 559 2241 652 2281; x_wconf 84' lang='lat' dir='ltr'><em>bina</em></span> <span class='ocrx_word' id='word_1_207' title='bbox 681 2255 795 2282; x_wconf 82' lang='lat' dir='ltr'><em>novo</em></span> <span class='ocrx_word' id='word_1_208' title='bbox 822 2240 1092 2294; x_wconf 82' lang='lat' dir='ltr'><em>spumantia</em></span> <span class='ocrx_word' id='word_1_209' title='bbox 1123 2239 1251 2279; x_wconf 85' lang='lat' dir='ltr'><em>lacte.</em></span> 
     </span>
    </p>
   </div>
   <div class='ocr_carea' id='block_1_2' title="bbox 90 2352 365 2356">
    <p class='ocr_par' dir='ltr' id='par_1_2' title="bbox 90 2352 365 2356">
     <span class='ocr_line' id='line_1_32' title="bbox 90 2352 365 2356; baseline 0 0"><span class='ocrx_word' id='word_1_210' title='bbox 90 2352 365 2356; x_wconf 95' lang='lat' dir='ltr'><em> </em></span> 
     </span>
    </p>
   </div>
   <div class='ocr_carea' id='block_1_3' title="bbox 90 2407 1581 2564">
    <p class='ocr_par' dir='ltr' id='par_1_3' title="bbox 90 2407 1581 2564">
     <span class='ocr_line' id='line_1_33' title="bbox 183 2407 1247 2452; baseline -0.005 -8"><span class='ocrx_word' id='word_1_211' title='bbox 183 2411 220 2452; x_wconf 89' lang='grc'><em>1)</em></span> <span class='ocrx_word' id='word_1_212' title='bbox 246 2409 289 2444; x_wconf 82' lang='lat' dir='ltr'><em>of.</em></span> <span class='ocrx_word' id='word_1_213' title='bbox 315 2408 414 2444; x_wconf 79' lang='lat' dir='ltr'><strong>Ovid.</strong></span> <span class='ocrx_word' id='word_1_214' title='bbox 440 2409 523 2449; x_wconf 81' lang='lat' dir='ltr'><em>Her,</em></span> <span class='ocrx_word' id='word_1_215' title='bbox 547 2407 616 2450; x_wconf 84' lang='lat' dir='ltr'>III,</span> <span class='ocrx_word' id='word_1_216' title='bbox 645 2409 709 2442; x_wconf 82' lang='lat'><em>119</em></span> <span class='ocrx_word' id='word_1_217' title='bbox 734 2415 887 2440; x_wconf 86' lang='lat' dir='ltr'><em>acutae</em></span> <span class='ocrx_word' id='word_1_218' title='bbox 912 2408 1116 2449; x_wconf 81' lang='lat' dir='ltr'><em>cuspidis</em></span> <span class='ocrx_word' id='word_1_219' title='bbox 1141 2408 1247 2440; x_wconf 75' lang='lat' dir='ltr'><em>hasta.</em></span> 
     </span>
     <span class='ocr_line' id='line_1_34' title="bbox 181 2465 1581 2510; baseline -0.005 -8"><span class='ocrx_word' id='word_1_220' title='bbox 181 2467 220 2510; x_wconf 81' lang='lat'><em>2)</em></span> <span class='ocrx_word' id='word_1_221' title='bbox 245 2465 288 2502; x_wconf 83' lang='lat' dir='ltr'><em>cf.</em></span> <span class='ocrx_word' id='word_1_222' title='bbox 314 2466 396 2501; x_wconf 81' lang='lat' dir='ltr'><em>Pac.</em></span> <span class='ocrx_word' id='word_1_223' title='bbox 422 2465 506 2499; x_wconf 87' lang='lat'>200:</span> <span class='ocrx_word' id='word_1_224' title='bbox 549 2477 608 2498; x_wconf 84' lang='lat' dir='ltr'><em>neu</em></span> <span class='ocrx_word' id='word_1_225' title='bbox 631 2466 790 2507; x_wconf 82' lang='lat' dir='ltr'><em>reliquias</em></span> <span class='ocrx_word' id='word_1_226' title='bbox 814 2477 935 2507; x_wconf 83' lang='lat' dir='ltr'><em>quaeso</em></span> <span class='ocrx_word' id='word_1_227' title='bbox 967 2477 1055 2497; x_wconf 82' lang='lat' dir='ltr'><em>meas</em></span> <span class='ocrx_word' id='word_1_228' title='bbox 1080 2465 1256 2497; x_wconf 78' lang='lat' dir='ltr'><em>denudatis</em></span> <span class='ocrx_word' id='word_1_229' title='bbox 1281 2466 1408 2498; x_wconf 84' lang='lat' dir='ltr'><em>ossibus</em></span> <span class='ocrx_word' id='word_1_230' title='bbox 1428 2476 1493 2507; x_wconf 80' lang='lat' dir='ltr'><em>per</em></span> <span class='ocrx_word' id='word_1_231' title='bbox 1517 2471 1581 2496; x_wconf 89' lang='lat' dir='ltr'><em>ter-</em></span> 
     </span>
     <span class='ocr_line' id='line_1_35' title="bbox 90 2523 893 2564; baseline -0.002 -7"><span class='ocrx_word' id='word_1_232' title='bbox 90 2536 162 2557; x_wconf 86' lang='lat' dir='ltr'><em>ram</em></span> <span class='ocrx_word' id='word_1_233' title='bbox 185 2524 306 2556; x_wconf 82' lang='lat' dir='ltr'><em>sanie</em></span> <span class='ocrx_word' id='word_1_234' title='bbox 331 2523 551 2555; x_wconf 79' lang='lat' dir='ltr'><em>delibutas</em></span> <span class='ocrx_word' id='word_1_235' title='bbox 570 2523 673 2564; x_wconf 80' lang='lat' dir='ltr'><em>foede</em></span> <span class='ocrx_word' id='word_1_236' title='bbox 693 2523 893 2555; x_wconf 75' lang='lat' dir='ltr'><em>divexarier.</em></span> 
     </span>
    </p>
   </div>
  </div>
 </body>
</html>
