1709 2978
695 109 971 150 ..46—

169 228 248 283 III,
276 231 358 271 476
387 231 445 271 bis
474 230 702 285 Perqameis
729 215 859 286 erepte
886 233 1026 274 minis.

280 298 357 337 711
388 297 462 338 heu
490 297 607 337 tantis
633 299 871 353 nequiquam
899 307 1028 353 erepte
1048 299 1223 353 periclis.

84 365 250 408 duobus
280 366 383 407 locis
413 366 539 407 etiam
568 365 620 406 de
651 366 791 408 dativo
819 367 991 422 cogitari
1022 370 1172 422 potest,
1196 368 1296 423 quia
1323 375 1476 407 sensus
1497 365 1578 404 est.

84 433 252 474 demere
274 433 399 475 alicui
420 432 600 487 aliquid:
630 432 726 486 VH,
746 434 825 475 185
845 440 1053 488 ereptaque
1071 440 1202 475 rostra
1220 432 1377 481 carinis,
1405 429 1484 484 XI,
1500 430 1580 477 679

75 499 198 553 pellis
221 507 356 553 erepta
383 500 552 540 iuvenco.

192 568 484 622 depromere
530 566 710 608 ablativo
755 568 945 621 iungitur
973 567 1050 620 XI,
1082 567 1174 608 590.
1206 568 1310 608 859:
1355 530 1582 618 depromere

80 635 264 689 sayittam
285 634 507 688 pharetra3
538 636 664 689 atque
687 633 919 676 ablativum
942 635 1135 689 suspicor
1158 645 1328 688 quoque
1351 631 1459 687 apud
1480 631 1580 672 haec

85 702 232 743 verba:
1534 743 1536 745 .

195 781 429 811 amovere
459 768 532 822 VI,
549 769 629 815 523
660 769 814 823 eyreqia
840 769 987 810 interea
1006 769 1174 809 conium·
1192 783 1309 811 arma
1329 771 1460 812 omnia
1478 771 1581 812 tectis

81 845 244 878 amovet.

157 944 160 948 .
194 903 450 959 depellere
472 901 548 956 IX,
561 903 614 944 78
634 909 760 944 tantos
776 903 927 944 ratibus
942 905 1027 958 quis
1043 904 1191 958 depulit
1211 905 1328 957 iqua,
1353 905 1432 946 109
1460 904 1583 946 Turni

80 971 228 1011 iniuria
258 977 425 1011 matrem
453 971 658 1012 admonuit
682 971 833 1011 ratibus
859 971 981 1011 sacris
1010 971 1200 1025 depellere
1228 971 1374 1012 taedas.
1433 972 1499 1025 (cf.
1532 972 1578 1013 G.

81 1037 155 1091 111,
188 1038 265 1079 187
295 1037 480 1091 depulsus
509 1038 559 1078 ab
588 1038 702 1078 ubere
730 1038 898 1092 matris).

193 1105 329 1147 elabi
361 1104 490 1159 1‚242
519 1105 657 1146 mediis
687 1104 842 1158 elapsus
872 1105 1041 1146 Achivis.
1075 1106 1139 1160 (cf.
1163 1105 1215 1160 II,
1239 1107 1318 1148 526
1349 1107 1503 1162 elapsus
1533 1109 1580 1149 de

80 1173 196 1214 caede
222 1172 393 1225 Polites).

195 1237 436 1283 excidere
469 1240 500 1294 Ι,
513 1242 595 1282 428
625 1241 824 1282 columnas
844 1266 880 1270 —-
909 1241 1074 1294 rupibus
1094 1241 1285 1282 excidunt.
1321 1245 1438 1296 potes
1453 1244 1579 1285 etiam

80 1309 269 1349 dativum
306 1309 519 1362 accipere,
557 1308 593 1348 si
623 1308 787 1348 confers
813 1306 989 1349 verbum
1022 1308 1274 1350 excudere
1304 1322 1342 1352 v,
1374 1310 1454 1349 174
1481 1305 1585 1349 silici

79 1376 288 1419 scintillam
316 1374 471 1416 eoecudit
499 1373 724 1429 Achate31).

191 1442 446 1498 Saepissime
476 1445 615 1484 autem
645 1442 853 1484 ablativus
883 1443 1159 1496 separationis
1189 1456 1264 1497 per
1293 1456 1337 1484 se
1367 1446 1458 1497 stat,
1494 1456 1578 1484 non

79 1523 104 1550 a
132 1509 262 1562 verbo
294 1509 515 1565 separandi
544 1512 707 1551 rectus:

155 1577 202 1618 G.
235 1576 267 1631 I,
299 1577 351 1619 96
630 1590 751 1632 neque
778 1575 891 1616 illum

373 1644 490 1700 flava
521 1644 637 1685 Ceres
666 1645 746 1686 alto
774 1645 1012 1699 nequiquam
1026 1681 1028 1683 ,
1042 1650 1188 1696 spectat
1217 1644 1395 1700 Olympo.

192 1710 267 1765 ΙΙΙ,
304 1712 356 1752 39
383 1712 546 1766 yemitus
574 1711 828 1762 lacrimabilis
856 1712 934 1752 imo
966 1736 1016 1740 ---
1046 1710 1209 1751 auditur
1236 1713 1394 1754 tumulo.

275 1779 357 1820 614
387 1786 469 1819 tum
495 1780 638 1832 patria
667 1794 714 1820 ea·
740 1779 879 1819 Ithaca
896 1809 905 1818 .
926 1809 935 1818 .
955 1809 964 1818 .
989 1777 1150 1818 Troiam
1174 1781 1345 1835 yenitore
1359 1780 1578 1820 Adamasto

376 1861 561 1901 paupere
580 1871 633 1877 —-
647 1847 922 1901 mansissetque
939 1845 1093 1886 utinam
1102 1845 1275 1900 fortuna
1297 1873 1348 1879 ——
1365 1847 1577 1903 profatus.

174 1913 242 1967 Vl,
272 1915 352 1955 182
383 1914 590 1955 advolvont
607 1914 780 1968 ingentis
809 1912 1001 1954 montibus
1031 1927 1161 1953 ornos.

192 1981 244 2035 X,
274 1982 356 2023 205
385 1979 474 2021 hinc
503 1995 654 2036 quoque
680 1981 905 2036 quinyentos
935 1980 976 2020 in
1005 1978 1045 2020 se
1074 1979 1289 2021 Mezentius
1317 1987 1448 2020 armat

386 2063 482 2103 quos
502 2055 624 2102 patre
652 2048 811 2089 Benaco
840 2047 984 2088 velatus
1009 2046 1231 2087 harundine
1255 2046 1397 2100 ylauca

386 2115 558 2158 Mincius
584 2116 757 2158 ducebat.

279 2184 359 2225 566
389 2183 573 2239 Aeqaeon
601 2183 729 2239 qualis
757 2190 908 2224 centum
937 2183 1030 2238 quoi
1057 2181 1239 2223 bracchia
1266 2182 1397 2222 dicunt

385 2258 634 2307 centenasque
661 2266 801 2292 manus
829 2251 1113 2306 quinquaqinta
1140 2250 1270 2290 oribus
1297 2250 1424 2304 iqnem

319 2372 324 2377 ⁸
376 2318 675 2374 pectoribusque
703 2318 855 2359 arsisse.

164 2387 211 2429 G.
243 2386 317 2439 ΙΙΙ,
347 2386 428 2427 256
449 2385 578 2440 fricat
605 2386 746 2427 arbore
773 2393 908 2427 costas.

172 2537 208 2580 1)
234 2535 279 2571 cf.
305 2546 395 2580 quae
419 2535 627 2570 Weidnems
652 2534 698 2569 ad
720 2534 816 2570 hunc
839 2534 955 2569 locum
979 2533 1138 2568 adnotat.
