1709 2978
698 130 946 172 -3-

74 253 199 307 Ἴλιος
227 252 303 314 ’μὲν
337 251 412 313 γὰρ
449 252 538 301 ἥλω
576 251 848 304 τελευτῶντος
881 248 959 301 ἤδη
997 257 1070 296 τοῦ
1104 252 1262 311 θέρους,
1302 245 1569 294 ἑκτακαίδεκα

80 320 265 384 πρότερον
307 320 468 381 ἡμέραις
510 325 582 371 τῆς
624 325 780 381 θερινῆς
822 326 986 381 τροπῆς,
1032 315 1154 378 ὀγδόῃ
1201 321 1409 378 φθίνοντος
1451 317 1569 378 μηνὸς

81 394 370 452 Θαργηλιῶνος,
400 386 455 439 ὡς
483 390 677 436 Αθηναῖοι
703 387 797 440 τοὺς
822 385 982 448 χρόνους
1010 385 1161 446 ἄγουσι,
1190 391 1369 447 περιτταὶ
1396 385 1443 430 δέ
1469 384 1570 435 ἦσαν

81 465 120 502 αἱ
156 457 227 502 τὸν
265 454 440 500 ἐνιαυτὸν
481 458 625 499 ἐκεῖνον
638 491 649 501 ,
671 458 933 517 ἐκπληροῦσαι
979 454 1082 515 μετὰ
1121 454 1194 504 τὴν
1238 453 1386 515 τροπὴν
1427 459 1569 499 εἴκοσιν

80 525 231 586 ἡμέραι.
288 527 329 567 ἐν
366 519 416 571 δὴ
456 532 543 574 ταῖς
580 522 683 567 ἑπτὰ
718 528 784 568 καὶ
821 521 1033 584 τριάκοντα
1059 532 1146 574 ταῖς
1172 522 1251 567 ἀπὸ
1280 529 1354 574 τῆς
1379 519 1570 572 ἁλώσεως

80 591 372 652 διαγενομέναις
412 587 466 633 τά
506 608 553 634 τε
595 594 680 650 περὶ
722 591 795 640 τὴν
835 588 949 635 πόλιν
986 595 1117 649 οἴομαι
1160 587 1442 638 διοικήσασθαι
1477 588 1570 640 τοὺς

76 658 256 719 Ἀχαιοὺς
296 660 362 700 καὶ
399 656 473 709 τὰς
509 661 712 718 πρεσβείας
750 654 1011 709 ἐπιδέξασθαι
1046 657 1119 709 τὰς
1149 657 1255 718 παρὰ
1282 663 1365 700 τῶν
1392 659 1568 716 ἀφεστη-

80 724 211 771 κότων
247 728 313 768 καὶ
349 724 403 767 τὰ
442 726 553 784 ὅρκια
581 722 828 773 ποιήσασθαι
856 723 950 784 πρὸς
979 722 1140 775 αὐτούς·
1172 730 1232 780 τῷ
1272 722 1314 768 δ’
1351 722 1440 775 ἑξῆς
1477 729 1568 777 ἔτει,

79 792 224 854 πρώτῳ
253 791 300 837 δὲ
328 791 431 851 μετὰ
462 791 536 840 τὴν
565 793 713 836 ἅλωσιν
741 791 815 836 ὑπὸ
847 790 920 840 τὴν
949 791 1217 851 μετοπωρινὴν
1237 794 1433 851 ἰσημερίαν
1455 790 1569 851 ἄραν-

80 879 146 913 τες
174 868 209 905 οὶ
238 863 373 920 Τρῶες
403 862 448 902 ἐκ
475 864 547 910 τῆς
575 865 648 917 γῆς
674 866 922 920 περαιοῦνται
950 858 1022 903 τὸν
1046 855 1349 907 Ἑλλήσποντον
1374 861 1440 901 καὶ
1468 876 1567 901 κατ-

81 929 276 986 αχθέντες
309 933 362 978 εἰς
397 926 469 975 τὴν
500 923 657 986 Θρᾴκην
685 929 807 971 αὐτοῦ
837 925 1076 987 διατρίβουσι
1103 925 1176 973 τὴν
1204 919 1422 985 χειμερινῆν
1451 926 1567 985 ὥραν,

80 990 288 1054 δεχόμενοί
326 1011 373 1038 τε
413 992 506 1045 τοὺς
545 990 807 1045 ἐπισυνιόντας
845 997 891 1037 ἐκ
918 1000 990 1045 τῆς
1020 999 1145 1053 φυγῆς
1173 998 1239 1038 καὶ
1272 989 1569 1053 παρασκευαζό-

80 1079 189 1120 μενοι
218 1061 273 1105 τά
307 1068 359 1113 εἰς
387 1060 457 1105 τὸν
485 1058 700 1105 ἀπόπλουν.
758 1065 803 1104 ἐκ
832 1058 878 1105 δὲ
903 1067 976 1113 τῆς
1005 1058 1162 1120 Θρᾴκης
1191 1059 1432 1113 ἀναστάντες
1460 1066 1570 1121 ἔαρος

82 1130 298 1190 ἀρχομένου
334 1135 495 1173 τελοῦσι
533 1128 604 1173 τὸν
635 1125 786 1188 μεταξὺ
814 1133 938 1172 πλοῦν
967 1127 1058 1189 ἄχρι
1087 1132 1290 1181 Σικελίας·
1321 1133 1405 1174 ἐκεῖ
1431 1127 1477 1173 δὲ
1506 1127 1569 1189 ὁρ-

82 1198 302 1256 μισομένοις
337 1199 470 1249 αὐτοῖς
505 1196 554 1241 τὸ
595 1202 683 1248 ἔτος
715 1202 838 1240 τοῦτο
876 1201 1069 1253 τελευτᾷ,
1114 1201 1179 1240 καὶ
1219 1195 1459 1256 διατρίβουσι
1500 1196 1570 1240 τὸν

80 1260 261 1323 δεύτερον
286 1271 465 1323 χειμῶνα
491 1264 564 1315 τὰς
590 1261 723 1315 πόλεις
752 1261 1029 1315 συνοικίζοντες
1056 1273 1139 1315 τοῖς
1161 1261 1354 1323 Ἐλύμοις
1384 1267 1424 1306 ἐν
1452 1266 1569 1307 Σικε-

34 1375 36 1380 ,
79 1335 156 1388 λίᾳ.
210 1336 402 1391 πλωΐμων
441 1330 487 1376 δὲ
518 1334 736 1391 γενομένων
774 1329 935 1390 ἄραντες
972 1330 1050 1375 ἀπὸ
1089 1338 1162 1383 τῆς
1191 1329 1307 1380 νήσου
1343 1337 1491 1391 περῶσι
1519 1330 1567 1375 τὸ

80 1398 312 1458 Τυρρηνικὸν
356 1402 530 1457 πέλαγος
576 1403 642 1442 καὶ
676 1403 943 1449 τελευτῶντες
980 1405 1032 1449 εἰς
1072 1398 1277 1457 Λωρεντὸν
1316 1400 1570 1457 ἀφικνοῦνται

80 1465 151 1510 τὸν
174 1467 417 1526 Ἀβοριγίνων
446 1463 639 1526 μεσούσης
666 1468 830 1526 θερείας.

192 1536 279 1578 Iam
309 1539 386 1578 tria
414 1537 560 1591 habeo,
587 1550 694 1592 quae
716 1536 948 1578 Conradino
969 1536 1194 1578 obvertam.
1238 1535 1427 1577 Primum
1446 1536 1569 1589 fama,

82 1618 208 1660 quam
238 1605 348 1660 apud
377 1603 629 1661 Dionysium
659 1606 916 1658 invenimus,
945 1617 1032 1647 non
1062 1607 1125 1646 est
1160 1605 1359 1660 vulgaris,
1389 1605 1488 1659 quia
1517 1604 1567 1646 de

81 1673 203 1713 annis
242 1684 428 1713 errorum
458 1673 629 1714 Aeneae
666 1674 851 1728 vulgaris
889 1672 999 1713 fama
1036 1684 1121 1713 non
1150 1671 1353 1724 exstabat,
1390 1672 1465 1713 sed
1495 1673 1568 1727 qui

80 1740 124 1780 in
151 1739 226 1780 has
254 1752 321 1781 res
350 1740 664 1794 inquisiverunt
692 1741 952 1794 antiquitatis
973 1739 1163 1792 studiosi,
1192 1740 1300 1780 alius
1326 1740 1450 1781 aliam
1475 1752 1569 1781 sen-

79 1806 251 1847 tentiam
295 1806 376 1848 sibi
414 1806 630 1849 finxerunt
651 1820 713 1862 ‚ac
749 1807 926 1861 professi
966 1809 1076 1848 sunt.
1146 1805 1244 1848 Cato
1254 1807 1300 1861 ¹),
1348 1807 1422 1861 qui
1460 1808 1570 1848 inter

81 1871 227 1915 Troiae
263 1875 477 1918 excidium
519 1878 560 1917 et
591 1874 769 1918 Romam
798 1875 1007 1916 conditam
1037 1875 1217 1929 spatium
1245 1874 1569 1930 quadringento-

80 1954 175 1983 rum
208 1942 378 1997 triginta
415 1942 593 1985 duorum
632 1956 838 1985 annorum
872 1943 1027 1996 statuit,
1057 1941 1265 1983 erroribus
1294 1939 1569 1984 Troianorum

80 2009 185 2051 duos
215 2023 349 2051 annos
376 2011 575 2053 tribuisse
597 2012 762 2053 videtur
793 2023 889 2052 nam
916 2024 941 2051 a
969 2009 1143 2051 Lavinio
1171 2021 1310 2064 usque
1341 2009 1393 2051 ad
1415 2009 1569 2052 Albam

81 2076 290 2121 conditam
329 2079 497 2133 triginta
536 2081 577 2121 et
609 2079 708 2121 inde
747 2090 884 2133 usque
923 2077 975 2119 ad
1010 2075 1237 2119 Romulum
1274 2077 1571 2134 quadringenti

82 2146 182 2186 sunt
214 2146 315 2186 anni
344 2171 397 2176 —
427 2147 634 2188 consentit
661 2159 758 2188 cum
788 2159 837 2188 eo
866 2144 1106 2199 Hemina2),
1145 2145 1255 2200 apud
1291 2144 1523 2188 Diodorum
1537 2147 1570 2200 ⁸)

83 2212 409 2269 quadringentos
453 2214 622 2269 triginta
662 2216 747 2257 tres
791 2216 1046 2268 invenimuS,
1090 2213 1200 2268 apud
1240 2212 1489 2268 Varronem,
1534 2215 1571 2256 si

176 2393 213 2437 1)
238 2393 284 2428 cf.
307 2391 452 2438 Dionys.
478 2392 509 2435 Ι,
536 2393 591 2428 74.

172 2452 212 2494 2)
241 2450 284 2486 cf.
310 2450 417 2486 Solin.
442 2449 491 2493 Π,
518 2451 576 2485 14:
609 2461 674 2486 nec
699 2450 867 2486 omissum
893 2450 943 2486 sit
967 2452 1123 2485 Aeneam
1147 2452 1283 2485 aestate
1308 2450 1352 2485 ab
1375 2451 1443 2486 Ilio
1467 2456 1571 2498 capto

82 2508 235 2544 secunda
256 2507 393 2543 Italicis
418 2506 581 2542 litoribus
605 2507 802 2553 adpulsum,
828 2509 869 2542 ut
892 2507 1045 2542 Hemina
1067 2506 1189 2541 tradit.

176 2566 217 2610 3)
240 2563 333 2611 apud
356 2564 507 2610 Syneell.
531 2575 565 2610 p.
590 2563 669 2607 366,
692 2564 725 2600 8.

1298 2638 1337 2672 18
