1709 2978
714 113 988 154 ..26-

101 235 387 290 compluribus
422 233 572 276 diebus
601 235 782 296 cogitare
810 234 1028 291 debemus,
1056 238 1099 279 id
1129 238 1241 293 quod
1259 236 1436 279 efficitur
1453 233 1595 276 verbis

97 296 385 357 instauratque
412 302 515 343 diem
544 300 667 342 doni-s'
697 304 754 355 (v.
784 302 854 356 63)
883 304 1009 357 atque
1035 304 1231 346 versibus
1260 304 1364 346 86-
1371 303 1449 344 89:

267 395 346 422 non
375 387 532 434 coeptae
558 381 776 434 adsumunt
800 387 927 420 turres
950 395 1030 421 non
1057 388 1175 423 arma
1205 383 1376 423 iumen

269 454 414 489 ewercet
434 454 624 502 portusve
650 453 719 492 aut
742 448 1052 502 propuynacula
1074 449 1171 492 bello

267 521 351 554 tuta
371 522 550 568 parant:
570 515 746 568 penderet
773 529 897 567 opera
921 516 1144 569 interrupta
1176 542 1224 547 —

99 591 192 635 Hae
228 592 493 635 difficultates
529 592 763 648 solvuntur,
803 595 839 636 si
881 593 1138 649 colloquium
1172 596 1282 637 inter
1309 594 1516 637 Didonem
1555 597 1597 635 et

99 661 270 702 Annam
299 661 553 702 omittimus:
583 657 791 715 Reginam
815 660 1060 703 iamdudum
1098 686 1136 690 —-
1168 663 1315 716 primis
1335 661 1483 703 diebus
1504 663 1595 715 qui-

99 726 180 769 bus
210 729 380 770 Aeneas
406 726 653 782 Carthagine
682 730 866 770 moratur
888 752 942 757 —
965 727 1087 782 quies
1117 727 1301 770 deseruit
1326 729 1437 770 curis
1466 741 1593 770 vexa-

97 797 198 848 tam,
239 798 366 849 atque
403 798 451 835 ut
485 795 593 835 hanc
635 797 818 849 quietem
855 798 1092 849 recuperet,
1132 808 1229 836 cum
1268 808 1407 838 sorore
1442 795 1596 849 templa

99 861 275 903 deorum
314 861 400 903 adit
437 862 492 916 (v.
524 862 591 915 56)
632 865 757 918 atque
789 874 934 917 pacem
974 862 1173 916 requirit3
1214 875 1310 904 nam
1343 863 1442 917 quia
1472 861 1594 915 dolet,

98 929 200 970 deos
231 929 312 970 sibi
341 929 518 970 infestos
546 933 684 984 putat3
714 932 810 970 vota
838 930 947 981 facit,
972 941 1089 970 sacra
1116 929 1207 982 fert,
1238 930 1348 971 dona
1376 930 1496 970 donis
1523 942 1595 970 cu-

98 995 233 1038 mulat
270 995 343 1038 sed
375 990 492 1052 ‘quid
525 1002 613 1037 vota
640 995 844 1052 flav-entem
870 994 968 1051 quid
995 994 1160 1036 delubra
1188 995 1349 1037 iuvant!
1391 1003 1443 1037 est
1470 995 1596 1037 mollis

86 1062 264 1119 flamma
293 1063 485 1104 medullas
511 1064 658 1104 interea
687 1070 721 1103 et
748 1063 909 1103 tacitum
937 1063 1026 1103 vivit
1044 1063 1115 1102 sub
1131 1070 1286 1115 pectore
1304 1062 1468 1104 volnus‘.
1509 1063 1596 1105 Me-

98 1130 181 1173 lius
211 1131 316 1173 mihi
342 1144 457 1173 nunc
486 1144 654 1187 quoque
674 1144 743 1172 vv.
767 1130 930 1173 68-85
952 1132 1061 1172 stare
1081 1129 1292 1185 videntur,
1323 1144 1420 1173 nam
1442 1130 1596 1173 descri-

97 1198 211 1240 bitur
250 1199 311 1239 eis
350 1198 459 1240 Dido
503 1201 657 1240 amoris
692 1211 779 1239 non
816 1211 987 1252 prorsus
1030 1199 1112 1239 sibi
1154 1201 1336 1251 conscia,
1371 1211 1467 1239 cnm
1502 1202 1596 1252 post

98 1265 280 1308 dilucida
306 1265 455 1308 Annae
488 1265 616 1308 verba
641 1267 718 1308 vix
745 1265 934 1308 dubitare
959 1265 1116 1320 possit3
1149 1267 1274 1339 atque
1294 1265 1440 1319 aptius
1470 1265 1593 1306 etiam

97 1334 255 1375 dictum
283 1336 347 1375 est
375 1346 414 1374 V.
445 1335 521 1375 171

181 1418 182 1421 ¹
265 1415 333 1441 nec
359 1401 442 1441 iam
461 1401 659 1456 furtivom
689 1401 802 1442 Dido
831 1400 1044 1442 meditatur
1072 1415 1269 1447 amorem,-

94 1480 276 1521 furtivus
314 1479 430 1520 enim
467 1493 584 1520 amor
621 1482 698 1533 est,
739 1493 865 1534 quem
901 1482 973 1521 aut
1000 1481 1245 1534 ignoramus
1275 1479 1354 1533 ipsi
1385 1481 1456 1520 aut
1484 1482 1592 1520 certe

94 1548 163 1590 vel
194 1547 316 1590 nobis
346 1546 465 1590 fateri
498 1547 709 1601 nolumus,
742 1547 842 1589 dum
874 1560 923 1590 eo
954 1548 1139 1599 urimur3
1180 1549 1300 1588 antea
1329 1548 1469 1587 autem
1497 1558 1591 1587 cum

96 1628 236 1657 sorore
273 1615 411 1670 palam
446 1616 498 1657 de
536 1628 585 1657 eo
615 1617 699 1656 iam
729 1617 824 1670 egit.
885 1614 932 1656 Id
963 1627 1133 1670 quoque
1163 1613 1593 1666 animadvertendum,

93 1683 266 1725 Annam
295 1696 393 1725 cum
414 1681 623 1724 Didonem
650 1682 945 1724 moribundam
975 1682 1205 1737 conspiciat
1235 1694 1321 1723 non
1344 1680 1424 1722 sibi
1445 1693 1592 1735 oppro-

94 1748 185 1791 brio
215 1753 391 1802 vertere,
420 1750 462 1791 id
493 1750 605 1804 quod
633 1763 736 1792 sane
765 1749 954 1803 debebat,
985 1749 1096 1804 quod
1125 1750 1217 1803 ipsa
1247 1748 1382 1801 prima
1410 1760 1592 1789 sororem

94 1816 147 1858 ad
174 1829 360 1859 amorem
389 1817 635 1859 incitaverit.
695 1818 846 1873 Neque
875 1818 1017 1860 minus
1048 1819 1204 1860 mirum
1234 1818 1311 1870 est,
1345 1813 1455 1869 quod
1483 1812 1592 1856 Dido

95 1898 191 1926 cum
233 1897 279 1926 se
316 1885 368 1926 ab
400 1885 544 1927 Aenea
574 1887 781 1928 desertam
810 1886 964 1939 videat,
1000 1885 1246 1927 calamitatis
1288 1896 1389 1924 suae
1428 1882 1591 1937 culpam

94 1955 223 1996 totam
255 1952 336 1995 sibi
367 1954 445 1996 soli
472 1952 616 1996 tribuit
645 1968 683 1995 v.
716 1953 820 1996 419:

262 2032 364 2073 hunc
390 2047 457 2087 eqo
484 2033 519 2073 si
537 2034 656 2086 potui
682 2040 833 2073 tantum
861 2047 1023 2086 sperare
1054 2031 1228 2073 dolorem

263 2106 297 2141 et
317 2100 506 2155 perferre
529 2115 642 2142 soror
660 2107 803 2154 potero

94 2181 221 2234 atque
253 2191 437 2220 sororem
467 2191 521 2220 ne
552 2179 680 2221 verbo
712 2179 882 2233 quidem
913 2179 1104 2233 obiurgat
1133 2179 1262 2219 immo
1292 2178 1469 2232 supplici
1489 2190 1591 2218 voce

93 2249 299 2301 precatur,
328 2250 376 2289 ut
402 2248 593 2290 Aeneam
622 2246 818 2302 precibus
845 2247 1042 2289 retineat:

652 2315 817 2354 miserae
842 2314 913 2354 hoc
941 2321 1071 2354 tamen
1099 2326 1221 2352 unum

259 2396 475 2437 exsequere,
506 2381 641 2431 Anna,
669 2381 768 2423 mihi

93 2463 277 2503 attamen
315 2462 535 2516 aptissime
574 2466 737 2516 suoque
772 2463 863 2503 iure
893 2463 1064 2503 Annam
1105 2459 1264 2501 acerbis
1295 2460 1433 2502 verbis
1470 2462 1592 2503 casti-

92 2540 191 2582 gare
229 2531 391 2581 poterat
415 2525 553 2582 ¹atque
591 2528 792 2582 flagitare,
830 2532 998 2570 revocet
1026 2530 1110 2569 iam
1139 2531 1179 2568 et
1205 2531 1445 2571 reconciliet
1478 2542 1591 2584 eum,
