1709 2978
708 82 982 125 ..59-

98 201 239 258 Atque
280 203 358 246 hoo
391 205 482 248 loco
525 206 627 248 mihi
670 206 974 247 nominandum
1018 206 1184 248 videtur
1225 207 1479 249 adiectivum
1517 208 1594 248 in-

100 280 276 327 signis.

188 335 264 392 IV,
293 340 373 383 134
568 348 745 396 ostroque
771 339 932 394 msiqnis
958 347 993 381 et
1020 355 1119 382 auro

177 452 182 459 ,
309 402 311 404 ’
400 415 477 448 stat
502 408 668 461 sonipes.

211 472 263 527 V,
293 475 373 517 310
402 489 511 517 ecum
530 474 711 529 phaleris
738 475 928 530 imiynem
954 475 1074 516 victor
1101 474 1248 516 habeto.

199 539 267 595 Vl,
297 543 378 584 808
406 543 493 597 quis
516 541 659 595 procul
685 542 750 583 ille
773 549 903 584 autem
927 541 1053 581 ramis
1073 541 1235 594 insiynis
1262 542 1395 583 olivae.

192 606 269 662 XI,
299 609 377 650 291
407 609 574 663 imiynes
591 608 887 662 praestantibus
915 608 1051 648 amnis.
1094 600 1099 605 ⁴

143 673 191 715 G.
221 673 293 726 111,
340 676 375 716 ,7
407 689 615 730 umeroque
643 674 788 729 Pelops
817 675 979 729 insiymls
1002 675 1158 715 eburno.

323 741 374 782 56
404 756 472 782 nec
499 741 598 782 mihi
625 741 828 796 displiceat
855 740 1020 782 mametis
1042 741 1204 795 insiqnis
1223 748 1257 782 et
1276 741 1364 783 albo
1389 742 1463 793 (sc.
1486 741 1590 795 bos).

210 873 412 918 Rationes
450 878 579 932 igitur
606 876 802 933 Vergilii,
839 888 942 931 quas
971 876 1018 917 in
1047 875 1228 918 ablativo
1258 874 1498 930 usurpando
1528 887 1593 917 se-

101 942 254 996 quitur,
297 956 382 985 non
415 957 506 986 raro
544 957 669 986 usum
710 945 993 998 antiquiorum
1031 943 1235 984 excedere
1270 955 1399 997 spero·
1420 954 1489 983 me
1518 941 1594 983 tibi

99 1010 377 1063 persuasisse,
412 1023 552 1065 neque
581 1010 772 1066 negabis,
808 1009 943 1063 credo,
980 1012 1145 1064 poetam
1174 1022 1224 1051 ea
1253 1021 1361 1064 quae
1389 1009 1467 1050 hoo
1502 1008 1593 1050 loco

100 1077 336 1130 mutaverit,
360 1079 589 1119 maximam
615 1080 773 1133 partem
796 1080 844 1119 ut
870 1077 1114 1132 gravitatem
1145 1076 1355 1130 quandam
1377 1077 1486 1131 epici
1507 1088 1592 1117 ser-

100 1144 238 1185 monis
267 1143 463 1198 efficeret,
490 1157 681 1186 novasse.
723 1144 1021 1186 Animadverte
1042 1145 1156 1186 enim
1177 1156 1349 1199 quaeso,
1372 1142 1589 1185 liberiores

100 1210 302 1253 ablativos
351 1225 498 1254 omnes
537 1213 582 1254 in
619 1213 852 1255 Aeneidem
895 1225 982 1254 non
1028 1212 1075 1253 in
1114 1212 1307 1267 georgica
1346 1214 1388 1253 et
1425 1211 1590 1266 eclogas

100 1278 260 1333 cadere,
289 1282 413 1335 atque
443 1280 608 1322 etiamsi
634 1282 718 1323 iam
747 1293 824 1335 per
856 1292 901 1322 se
929 1282 1070 1335 patere
1105 1279 1238 1334 possit
1270 1278 1416 1332 videri,
1446 1276 1591 1333 Vergi-

100 1346 218 1400 lium,
256 1359 352 1388 cum
383 1347 498 1389 aliud
529 1360 704 1403 poeseos
732 1360 870 1404 genus
899 1349 1105 1400 tractaret,
1140 1345 1265 1388 etiam
1300 1345 1372 1389 alii
1405 1346 1590 1388 sermoni

101 1414 327 1468 studuisse,
363 1417 503 1456 tamen
540 1428 797 1471 quemquam
830 1416 940 1457 hano
972 1416 1081 1457 inter
1109 1414 1342 1456 Aeneidem
1378 1419 1419 1455 et
1454 1415 1591 1468 priora

100 1484 249 1536 poetae
275 1495 400 1537 opera
428 1482 703 1525 differentiam
728 1483 881 1538 apertis
907 1482 1114 1537 exemplis
1139 1482 1333 1524 docuisse
1360 1482 1515 1523 nescio.
