1709 2978
703 50 773 121 ⁴-
834 89 996 132 25·-

115 215 200 257 nisi
235 215 347 270 apud
377 227 424 257 se
453 216 739 258 constituisset
768 212 956 268 Sychaeo
984 214 1112 257 fidem
1143 227 1324 268 servare,
1356 227 1406 256 se
1435 214 1607 256 Aeneae

67 275 70 278 ’
115 285 338 338 nupturam
368 294 474 325 esse.
534 281 658 324 Soror
684 280 912 335 respondet
942 293 988 322 se
1016 294 1103 323 non
1128 281 1385 336 intellegere,
1413 293 1490 323 cur
1508 281 1607 322 alte-

113 364 210 392 rum
245 350 558 392 matrimonium
584 351 763 401 recuset,
801 352 843 389 et
871 346 1027 390 Didoni
1056 350 1198 391 omnia
1226 348 1460 402 commoda,
1500 361 1608 402 quae

115 429 171 458 ex
199 417 346 459 Aenea
373 417 552 471 coniuge
586 417 833 470 perceptura
867 416 934 469 sit,
976 416 1186 470 explicat3
1228 416 1351 458 modo
1385 415 1485 458 deos
1524 425 1608 456 ve*-

113 485 247 527 niam
276 486 421 539 poscat
451 484 618 537 amoris,
647 477 730 525 cui‘
744 483 962 538 indulgeat
988 486 1114 538 atque
1147 495 1273 538 quem
1300 482 1410 525 Dido
1444 495 1608 537 semper

115 551 253 594 scelus
283 564 377 594 esse
405 553 522 607 putat
552 552 617 605 (cf.
649 565 688 592 v.
724 551 786 593 19.
819 551 884 592 27.
915 551 1010 604 85.).
1069 549 1150 592 His
1178 549 1319 592 verbis
1349 551 1516 592 animus
1542 562 1608 591 re·

113 620 238 674 ginae
264 621 388 660 antea
417 618 571 660 dubius
602 618 655 659 ad
685 629 867 659 amorem
897 616 1192 659 inflammatur.
1253 618 1424 659 Adeunt
1451 617 1608 671 templa

115 688 156 727 et
181 698 351 741 pacem
380 699 404 727 a
433 686 524 727 deis
550 686 779 740 exquirunt
806 709 855 714 —
886 697 976 726 non
1004 677 1115 726 idem
1145 688 1210 726 est
1235 685 1348 740 quod
1378 685 1503 726 venia
1533 684 1607 725 sed

113 754 287 795 fortasse
316 752 604 809 accipiendum
630 748 794 807 ‘pacem
823 764 921 793 cum
948 750 1073 805 deis',
1102 765 1155 793 ne
1176 752 1243 793 dei
1261 754 1429 807 propter
1447 763 1607 792 novum

113 821 357 875 coniugium
388 822 620 862 irascantur
679 844 687 848 -
728 817 837 861 Dido
867 820 958 874 ipsa
977 822 1160 874 pateram
1180 822 1295 861 tenet
1314 823 1438 874 atque
1458 819 1606 860 vinum

115 899 242 941 supra
278 888 455 930 hostiam
487 887 662 929 effundit
689 889 761 928 aut
789 887 844 940 (P)
874 887 925 928 ad
955 900 1047 929 aras
1079 900 1125 928 se
1154 887 1313 929 confert
1341 891 1467 941 atque
1496 886 1606 927 diem

113 955 235 996 donis
267 957 483 1008 instaurat,
521 953 705 1008 (quando
734 956 855 995 antea
884 954 992 996 dona
1020 954 1117 995 tulit
1128 955 1165 1008 ?)
1201 954 1352 995 deinde
1383 956 1482 995 exta
1510 965 1608 994 con-

114 1023 224 1063 sulit.
285 1022 400 1063 Cur?
435 1025 483 1063 ut
510 1021 662 1073 videat,
698 1021 741 1061 id
783 1021 896 1075 quod
936 1023 1115 1077 cogitare
1156 1021 1372 1075 debemus,
1407 1033 1510 1061 num
1540 1020 1607 1061 dei

114 1089 195 1130 sibi
222 1090 400 1143 propotii
429 1090 514 1130 sint
539 1091 580 1130 et
608 1089 776 1129 veniam
805 1088 918 1141 dent,
943 1101 1048 1135 num
1075 1089 1139 1130 dis
1169 1087 1408 1129 volentibus
1427 1088 1606 1142 hospitio

112 1150 331 1211 indulgere
360 1154 526 1212 possit?
583 1153 772 1208 Minime,
801 1168 900 1197 nam
932 1155 1124 1210 sequitur
1150 1168 1190 1194 v.
1224 1154 1299 1195 65:

280 1222 352 1264 heu
380 1229 513 1262 vatum
540 1222 703 1276 iyna‘rae
729 1229 885 1276 mentes,
914 1223 1012 1277 quid
1037 1228 1124 1263 vota
1146 1222 1349 1277 furentem

280 1289 378 1346 quid
405 1289 569 1330 delubra
598 1288 762 1330 iuvant?
791 1296 844 1330 est
871 1289 1000 1331 mollis
1025 1288 1194 1344 flamma
1222 1288 1413 1329 medullas

278 1359 425 1399 interm
453 1364 487 1399 et
515 1358 675 1398 tacitum
700 1357 792 1398 vivit
814 1358 884 1398 sub
904 1365 1065 1411 pectore
1090 1358 1250 1399 volnus!

112 1425 207 1468 Hoc
237 1425 343 1467 nihil
373 1425 487 1467 aliud
517 1424 755 1480 significare
784 1427 923 1479 potest
942 1426 1047 1467 nisi:
1080 1423 1189 1475 Quid
1209 1425 1408 1480 prodesse
1429 1428 1610 1479 possunt

113 1494 279 1536 mulieri
308 1505 448 1534 amore
477 1495 688 1546 correptae
717 1492 891 1533 deorum
919 1492 1086 1547 templa,
1114 1493 1160 1533 in
1181 1492 1336 1547 quibus
1366 1493 1607 1534 medelam

112 1561 263 1604 furoris
303 1561 493 1601 invenire
530 1560 634 1613 vult,
671 1560 772 1614 quid
804 1562 912 1613 vota,
950 1571 1058 1614 quae
1087 1560 1216 1612 vovit,
1255 1561 1302 1600 ut
1330 1559 1410 1601 sibi
1439 1572 1608 1614 pacem

113 1632 154 1671 et
185 1628 528 1683 tranquillitatem
558 1628 687 1669 animi
716 1627 890 1669 reddant
920 1627 1010 1669 dei!
1026 1629 1056 1676 ¹)
1112 1625 1193 1667 His
1233 1627 1345 1681 ignis
1384 1628 1537 1668 amoris
1563 1628 1608 1668 in

111 1699 279 1752 pectore
310 1708 396 1737 non
426 1696 685 1750 extinguitur
715 1707 858 1750 neque
888 1694 1042 1735 desinit
1071 1694 1216 1735 ardere
1246 1694 1320 1735 sed
1351 1694 1489 1736 indies
1520 1695 1608 1735 vio-

111 1764 265 1807 lentior
298 1762 355 1805 fit.
424 1761 570 1818 Itaque
605 1761 713 1804 Dido
751 1775 833 1804 non
873 1774 946 1817 pro
985 1773 1137 1814 amore,
1179 1762 1248 1802 cui
1284 1773 1329 1802 se
1367 1761 1465 1803 dare
1504 1762 1608 1815 vult,

114 1833 281 1874 veniam
310 1831 423 1886 apud
453 1831 553 1872 deos
584 1832 760 1886 quaerit,
792 1830 873 1889 sed
897 1830 1013 1871 cultu
1032 1829 1206 1871 deorum
1227 1841 1412 1870 amorem
1432 1831 1609 1885 compri-

113 1912 227 1941 mere
267 1899 426 1950 studet3
477 1899 555 1939 hoc
593 1902 731 1940 autem
767 1911 864 1940 cum
902 1896 1245 1939 antecedentibus
1285 1910 1324 1936 v.
1362 1898 1426 1938 50.
1458 1898 1523 1937 51.
1556 1898 1608 1937 55

113 1980 199 2008 non
239 1967 413 2021 quadrat
423 1967 467 2022 ²).
525 1966 654 2008 Aliud
692 1965 873 2019 accedit3
911 1968 1005 2020 post
1044 1977 1215 2007 versum
1254 1964 1307 2004 62
1346 1976 1513 2019 semper
1557 1964 1609 2005 de

207 2058 244 2099 1)
268 2055 313 2091 of.
339 2055 400 2091 Sil.
425 2055 528 2097 VIII,
556 2055 622 2090 100
646 2056 707 2088 heu
731 2057 827 2088 sacri
847 2062 954 2088 vatum
979 2057 1136 2088 errores!
1166 2054 1239 2086 dum
1266 2055 1396 2087 numina
1420 2055 1524 2086 noctis
1550 2055 1609 2086 eli-

112 2115 201 2148 cinnat
223 2113 445 2156 spondentque
469 2114 560 2146 novis
584 2113 800 2146 medicamina
825 2114 924 2154 curis,
950 2112 1036 2156 quod
1058 2111 1129 2145 vidi
1142 2111 1286 2153 decepta
1306 2113 1425 2156 nefas!
1447 2113 1484 2146 et
1500 2112 1606 2157 Apul.

111 2171 255 2207 Metam.
280 2171 324 2212 X,
349 2169 417 2205 682
454 2170 531 2203 Heu
555 2171 750 2204 medicorum
774 2172 916 2214 iqnarae
938 2172 1082 2204 mentes!
1131 2169 1220 2208 Quid
1242 2181 1346 2202 venae
1366 2170 1496 2212 pulsus,
1531 2169 1610 2210 quid

101 2230 273 2273 satiyatus
299 2228 485 2261 anhelitus.-
502 2229 706 2279 erqo-iyitur
732 2229 935 2271 impatientia
947 2228 1083 2272 suroris
1108 2226 1209 2259 altius
1233 2227 1364 2269 aqitata
1390 2238 1461 2268 sqq.

204 2286 245 2330 2)
269 2286 516 2321 coniecturam·
533 2286 612 2327 feci,
648 2286 854 2331 priusquam
877 2285 1111 2331 Peerlkampii
1136 2283 1178 2318 de
1201 2282 1269 2319 hoc
1292 2283 1368 2319 loco
1393 2284 1606 2319 sententiam

51 2349 55 2351 ’
111 2344 204 2385 novi,
229 2345 336 2389 atque
358 2353 495 2377 summo
521 2343 667 2378 affectus
694 2353 772 2378 sum
796 2342 936 2387 gaudio,
963 2353 1042 2378 cum
1067 2342 1221 2378 viderem
1244 2342 1360 2377 virum
1385 2341 1485 2376 illum
1504 2351 1608 2386 saga-

113 2400 294 2436 cissimum
325 2399 437 2435 isdem
468 2399 581 2435 verbis
615 2400 783 2435 offensum
813 2411 887 2435 esse
922 2402 1030 2445 atque
1061 2402 1127 2441 me,
1159 2398 1262 2434 modo
1297 2399 1352 2434 uti
1384 2399 1475 2434 solet
1498 2399 1608 2434 inter—

111 2457 327 2502 polationem
350 2457 491 2515 statuit,
517 2467 635 2492 versus
652 2456 799 2498 65-67,
824 2456 907 2501 quia
923 2456 1212 2492 antecedentibus
1228 2459 1441 2505 repugnant,
1466 2457 1605 2502 spurios

111 2513 281 2551 iudicans.
