1709 2978
687 108 959 149 -56-

79 233 230 273 sitione
265 232 333 273 vel
371 233 589 287 participio
627 233 854 285 invenitur,
899 244 1038 287 neque
1066 233 1248 287 exiguus
1278 233 1341 272 est
1370 243 1573 273 numerus

78 299 373 354 exemplorum
387 301 437 352 ¹);
473 300 625 341 iterum
652 313 751 342 vero
788 300 956 342 initium
996 301 1157 354 capiam
1187 297 1238 340 ab
1271 311 1352 340 usu
1382 297 1574 355 simplici,

80 378 206 420 quem
245 367 371 407 etiam
411 367 570 421 priores
610 366 811 421 praebent
851 369 1011 421 poetae,
1053 367 1104 408 ab
1147 368 1366 419 armatura,
1404 367 1574 419 vesfitu,

79 434 261 487 corporis
290 432 498 487 partibus:

211 498 244 552 I,
273 500 355 541 490
386 499 491 540 ducit
518 500 811 541 Amazonidum
838 501 982 541 lunatis
1010 501 1171 554 aymina
1193 500 1311 553 peltis

387 566 640 608 Penthesilea.

169 633 245 688 III,
274 634 357 675 426
379 632 552 687 pulchro
572 642 732 688 pectore
759 637 882 691 viryo.

150 700 244 754 VII,
277 702 356 742 789
386 708 427 740 al
455 692 572 742 levem
600 702 767 756 clipeum
794 704 954 744 sublatis
983 702 1162 743 cornibus
1190 701 1236 741 Io

211 791 215 795 ·
386 782 486 809 auro
516 770 736 824 insiqnibat.

127 835 246 888 VIII,
277 835 358 876 685
385 835 475 875 hinc
501 851 574 888 ope
602 838 811 878 barbarica
840 838 1035 891 variisque
1063 837 1258 878 Antonius
1286 838 1409 877 armis

430 933 439 942 .
472 933 482 942 .
504 903 642 944 ultima
669 919 797 946 secum
825 928 879 934 —
909 904 1063 944 Bactra
1090 903 1200 944 vehit.

172 967 245 1020 IX,
302 969 356 1009 49
385 970 548 1010 maculis
577 985 691 1025 quem
729 971 919 1012 Thracius
947 970 1045 1011 albis
1075 994 1129 1000 —
1153 978 1289 1023 portat
1317 985 1443 1025 equos.

157 1034 245 1088 XII,
275 1036 354 1076 281
378 1037 500 1089 pictis
528 1037 707 1079 Arcades
737 1039 872 1079 armis.

102 1102 149 1143 G.
173 1101 248 1155 III,
277 1103 358 1144 368
384 1117 518 1157 qreyes
546 1104 647 1145 villis
675 1106 754 1159 leye
783 1105 962 1145 mollibus
988 1105 1122 1146 albos„

107 1176 127 1191 ⁸
172 1168 248 1222 IV,
305 1170 358 1210 82
389 1170 470 1223 ipsi
489 1186 568 1224 per
596 1172 746 1213 medias
776 1173 876 1212 acies
905 1172 1117 1226 insiynibus
1141 1171 1216 1212 alis

385 1237 548 1290 ingentis
576 1239 728 1279 animos
757 1246 919 1292 auqusto
949 1239 990 1278 in
1010 1246 1170 1291 pectore
1197 1244 1362 1278 versant.

273 1303 356 1344 408
376 1303 497 1359 fulva
523 1306 665 1346 cervice
693 1305 839 1347 leaena.
1286 1310 1290 1315 ”

137 1369 208 1410 Ec.
226 1369 281 1422 II,
303 1370 354 1410 41
386 1372 560 1424 capreoli
587 1374 738 1425 sparsis
763 1374 879 1413 etiam
908 1388 1008 1413 nunc
1031 1372 1201 1425 pellibus
1229 1372 1331 1412 albo.

81 1435 247 1478 Deinde
276 1437 478 1492 legimus:

138 1504 171 1556 I,
202 1505 282 1545 313
311 1509 351 1546 et
377 1505 477 1558 XII,
509 1507 587 1547 165
617 1508 709 1547 bina
736 1523 858 1547 manu
886 1508 965 1547 lato
992 1508 1172 1559 crispans
1200 1506 1356 1545 hastilia
1377 1505 1492 1560 ferro
1507 1505 1537 1556 2)

86 1592 128 1603 =
161 1585 258 1613 cum
286 1572 367 1615 lato
391 1574 509 1616 ferro.

175 1686 213 1729 1)
238 1686 335 1720 nulla
367 1697 476 1732 paene
509 1686 680 1722 eiusmodi
711 1688 803 1732 apud
828 1687 1034 1728 Horatium;
1067 1687 1096 1721 is
1129 1697 1266 1732 quoque
1302 1686 1578 1721 circumscribit:

80 1743 110 1783 I,
138 1744 170 1783 6,
201 1743 242 1777 13
263 1745 338 1785 'quis
368 1744 517 1777 Martem
541 1746 652 1777 tunica
684 1751 839 1777 tectum
873 1745 1088 1777 adamantina
1114 1745 1213 1786 dique
1237 1745 1421 1785 scripserit,
1459 1744 1511 1785 12,
1536 1743 1580 1777 23

83 1813 142 1833 nec
170 1807 199 1832 te
226 1801 438 1834 metuende
463 1808 557 1834 certa
582 1802 710 1834 Phoebe
735 1803 870 1844 sayitta,
909 1801 958 1844 II,
987 1802 1039 1843 19,
1067 1802 1089 1836 8
1110 1813 1217 1844 parce
1240 1802 1343 1844 yravi
1363 1800 1580 1834 metuende

83 1860 204 1902 thyrso,
238 1859 267 1899 I,
292 1859 347 1901 35,
372 1860 414 1894 21
442 1866 471 1891 te
496 1872 574 1901 spes
599 1866 630 1891 et
653 1860 730 1892 albo
754 1873 839 1893 rara
854 1861 952 1900 fides
977 1860 1057 1892 colit
1080 1860 1222 1891 velata
1243 1872 1368 1901 panno,
1404 1859 1452 1900 Il,
1477 1859 1510 1899 5,
1538 1857 1581 1892 18

83 1929 145 1949 non
184 1917 314 1949 Chloris
351 1918 427 1950 albo
463 1918 511 1949 sic
550 1929 657 1949 umero
694 1918 855 1957 nitens,
904 1917 973 1958 III,
1004 1918 1037 1957 4,
1072 1916 1116 1950 25
1152 1917 1255 1949 visam
1289 1917 1580 1958 pharetratos
1632 1929 1634 1932 >

86 1974 241 2013 Gelonos,
275 1974 329 2016 13,
355 1975 376 2009 2
409 1987 427 2006 o
443 1975 528 2017 fons
554 1973 751 2006 Bandusiae
788 1986 862 2007 non
899 1975 938 2007 si
946 1987 991 2007 ne
1020 1975 1175 2016 floribus.
1226 1974 1270 2008 In
1301 1973 1436 2007 deliciis
1468 1971 1578 2007 habet

82 2030 256 2065 adiectiva
281 2022 472 2075 insignis
497 2032 533 2064 et
558 2030 754 2064 decorus:
780 2029 1161 2076 1,21,112·ns59nemque
1176 2031 1342 2073 pharetra
1355 2033 1576 2072 fraternaque

82 2088 241 2121 humerum
278 2089 365 2132 lyra,
402 2088 458 2130 33,
484 2090 504 2122 5
537 2089 693 2130 insiynem
729 2088 817 2120 tenui
842 2089 961 2131 fronte
1003 2088 1176 2131 Lycorida
1223 2089 1303 2131 Cyri
1341 2094 1445 2121 torret
1476 2099 1579 2126 amor,

81 2145 110 2186 I,
136 2145 192 2186 32,
222 2147 260 2180 11
303 2147 416 2188 Lycus
455 2146 559 2187 niqris
597 2146 700 2177 oculis
744 2146 900 2188 uiyroque
940 2147 1032 2179 crine
1079 2146 1231 2187 decorus,
1275 2146 1323 2188 II,
1353 2146 1404 2186 16,
1430 2146 1450 2179 6
1484 2144 1586 2177 Medi

77 2205 245 2247 pharetra
281 2204 404 2244 decori,
446 2204 497 2245 19,
524 2203 567 2237 29
604 2210 633 2235 te
665 2203 744 2236 vidit
780 2205 891 2236 insons
930 2205 1094 2237 Cerberus
1131 2216 1231 2237 aureo
1271 2216 1371 2238 cornu
1412 2204 1580 2242 decorum,

81 2261 150 2302 III,
179 2261 232 2302 14,
255 2261 278 2296 8
314 2262 458 2294 decorae
492 2261 643 2302 supplice
681 2262 761 2292 vitta
800 2261 960 2303 virqinum
996 2267 1130 2300 matres,
1167 2272 1220 2306 ep.
1252 2261 1302 2303 II,
1342 2263 1382 2297 17
1424 2262 1583 2294 decorum

84 2319 210 2351 mitibus
235 2320 339 2362 pomis
364 2326 475 2362 caput.
524 2318 640 2354 Unum
665 2328 745 2352 vero
776 2317 921 2362 praebet
945 2318 1142 2362 exemplum
1165 2319 1338 2360 sociativi,
1376 2318 1469 2364 quod
1493 2315 1576 2353 sane

82 2376 239 2412 notabile
263 2379 335 2413 est:
359 2377 429 2419 III,
455 2379 487 2417 5,
515 2376 536 2409 ἶ)
562 2377 706 2408 Miles-ne
735 2375 853 2408 Crassi
877 2377 1061 2418 coniuge
1096 2377 1288 2409 barbara
1313 2377 1419 2419 turpis
1447 2376 1583 2409 maritus

83 2435 186 2467 viril?
892 2443 895 2446 '

172 2480 211 2522 2)
238 2479 400 2515 imitatus
437 2482 492 2514 est
530 2489 667 2514 versum
700 2476 846 2513 Ovidius
883 2478 965 2512 Her.
992 2478 1054 2513 IV.
1079 2478 1124 2512 82
1157 2479 1223 2511 lato
1261 2478 1425 2511 venabula
1462 2489 1585 2510 cornea

78 2537 185 2577 ferro.
