1709 2978
716 83 990 126 ..23-

109 208 217 263 „Zur
234 209 540 263 vollstandigen
560 205 935 262 Sinuesanderung
952 206 1068 248 kann
1098 207 1166 248 die
1194 208 1327 262 pietas
1357 207 1600 261 unmoglich

107 277 372 329 ausreichen3
402 276 475 318 der
493 273 664 316 Dichter
692 273 866 315 braucht
893 273 1001 315 dazu
1031 276 1102 316 ein
1133 274 1339 316 starkeres
1358 273 1504 327 Motiv,
1532 274 1600 316 die

106 343 393 386 intervention
432 341 506 383 der
541 340 698 394 Venus,
735 341 892 383 welche
931 340 1027 382 dem
1064 341 1231 382 Aeneas
1270 341 1486 396 dasjenige
1524 341 1601 382 mit

107 412 208 454 aller
249 411 422 465 Strenge
462 408 656 464 gebietet,
691 421 812 449 wozu
853 407 1006 450 bereits
1046 409 1139 450 sein
1167 407 1280 449 Herz
1315 408 1405 450 sich
1443 409 1596 463 neigt.“

105 479 186 522 His
215 479 418 522 assentire
449 487 634 531 neque03
675 480 773 517 n‘am
802 476 839 516 si
871 475 1042 530 quidem
1071 475 1243 517 Aeneae
1272 475 1406 530 pietas
1435 487 1600 534 semper

105 550 152 588 ut
180 559 346 590 summa
372 544 508 599 ipsius
536 542 629 583 laus
659 543 807 596 elucet,
838 544 874 584 si
901 544 978 584 hac
1005 544 1051 584 in
1078 543 1232 596 pietate
1263 543 1436 584 omnino
1466 545 1599 585 totum

105 626 271 657 carmen
300 613 486 664 vertitur,
524 612 615 667 tum
651 612 772 665 poeta
802 613 943 651 nostro
971 610 1063 652 loco
1093 610 1305 666 egregiam
1334 610 1598 652 occasionem

105 684 252 723 nactus
288 681 380 721 eius
418 678 711 732 depingendae
749 678 801 719 ad
829 679 1024 731 pietatem
1055 678 1186 718 solam
1216 690 1357 719 rerum
1385 679 1597 720 vicissitu-

105 749 244 791 dinem
274 747 461 802 redigere
492 744 668 787 debebat
696 757 837 800 neque
867 745 991 787 aliam
1020 757 1190 787 causam
1210 744 1377 799 addere,
1406 758 1489 800 qua
1508 758 1596 788 mo·

104 819 172 857 tus
200 816 270 857 ille
300 828 323 855 e
351 827 496 868 pugna
523 813 646 865 cedit,
674 815 721 853 ut
747 825 846 853 suos
875 815 916 852 et
935 815 1106 866 penates
1126 825 1204 866 per
1221 812 1418 853 incendia
1436 812 1596 854 hostes-

105 895 187 937 que
216 881 421 937 expediat.
481 878 640 929 Quodsi
669 879 778 933 facit,
818 881 863 920 in
894 878 1180 921 describendis
1207 880 1378 921 Aeneae
1407 879 1595 924 moribus

104 962 199 991 cum
241 961 327 989 non
362 947 443 988 sibi
486 949 659 1000 constet,
701 944 950 1000 gravissimo
991 948 1093 988 vitio
1138 946 1348 988 obnoxius
1390 950 1454 989 est
1486 948 1595 990 iudi·

103 1017 273 1059 candus.

211 1081 389 1136 Deinde,
419 1084 466 1123 ut
494 1082 547 1123 ad
574 1080 703 1122 finem
732 1082 813 1123 loci
842 1082 973 1123 nostri
1002 1094 1070 1123 me
1098 1084 1351 1135 convertam,
1387 1082 1594 1136 quomodo

105 1151 271 1192 Aeneas
305 1152 530 1204 postquam
555 1148 704 1190 Venus
747 1150 786 1189 ei
823 1149 1016 1202 apparuit
1050 1149 1302 1203 disertisque
1333 1147 1471 1190 verbis
1500 1162 1595 1204 pro-

105 1219 218 1259 misit
252 1218 309 1270 (v.
339 1217 449 1270 620)
484 1228 529 1257 se
568 1215 704 1257 filium
748 1216 912 1260 salvum
952 1228 1026 1271 per
1060 1216 1201 1257 hostes
1236 1216 1451 1257 ducturam
1487 1229 1595 1271 esse,

105 1285 240 1326 dicere
281 1287 420 1339 potest
465 1298 500 1324 v.
528 1284 630 1325 632:
659 1279 862 1324 ‘descendo
900 1283 1057 1324 ducente
1095 1282 1216 1324 deo'?
1273 1283 1336 1325 Ita
1378 1286 1426 1324 ut
1467 1284 1595 1327 verba

104 1354 237 1406 primo
274 1352 366 1393 Ioco
402 1352 696 1405 interpretetur
735 1351 965 1405 quispiam:
1005 1345 1200 1391 ‘ducente
1238 1351 1413 1392 numine
1451 1352 1593 1407 aliquo

105 1416 282 1472 divino',
326 1420 487 1460 vertere
533 1419 775 1472 nequimuS,
818 1418 917 1472 quia
944 1417 1110 1458 Aeneas
1153 1417 1231 1459 hoc
1268 1430 1427 1459 numen
1464 1418 1594 1472 probe
1640 1423 1653 1435 ⁰

104 1485 261 1535 noscit3
303 1485 379 1525 vix
411 1486 525 1526 enim
564 1485 639 1526 tibi
668 1484 847 1539 placebit
871 1484 1080 1526 Ladewici
1109 1485 1351 1539 explicatio:
1389 1485 1593 1538 „ducente

103 1552 181 1593 deo
209 1554 332 1593 unter
354 1553 572 1606 gettlicher
598 1552 790 1607 Leitung,
821 1553 976 1594 welche
1005 1555 1173 1594 Aeneas
1207 1553 1280 1594 der
1299 1552 1449 1594 Venus
1474 1553 1594 1595 aller-

104 1619 225 1673 dings
254 1619 529 1661 zuschreiben
556 1620 687 1662 kann
715 1622 877 1675 (parum
907 1620 1000 1674 hoc,
1029 1619 1152 1661 debet
1179 1618 1310 1661 fretus
1336 1632 1432 1661 esse
1457 1619 1594 1663 Vene-

104 1687 161 1726 ris
199 1699 295 1740 ope;
337 1700 435 1727 nam
470 1688 633 1728 dixerat
661 1688 831 1728 Venus:
865 1683 1076 1741 ‘nusquam
1102 1686 1219 1726 abero
1249 1693 1283 1726 et
1310 1693 1435 1727 tutmn
1454 1688 1594 1740 patrio

103 1760 137 1793 te
156 1753 286 1794 linu'ne
303 1751 475 1806 sistam’)
504 1754 606 1795 und
626 1754 702 1795 ihr
722 1754 846 1795 auch
865 1753 1091 1794 wirklich
1111 1767 1151 1793 v.
1169 1753 1263 1794 664
1282 1751 1593 1806 zuschreibt,

104 1819 302 1860 wahrend
339 1832 384 1860 er
425 1821 514 1862 sich
552 1822 641 1862 hier
680 1821 950 1875 allgemeiner
986 1820 1225 1874 ausdruckt,
1262 1820 1359 1861 weil
1386 1820 1495 1861 auch
1523 1821 1593 1861 ein

104 1886 277 1929 anderer
320 1885 416 1928 Gott
458 1888 533 1944 ihu
573 1888 754 1943 geleiten
797 1888 956 1929 konnte
999 1888 1088 1930 und
1125 1888 1272 1931 Venus
1314 1887 1403 1929 sich
1443 1887 1593 1929 seinen

103 1955 276 1995 Blicken
318 1954 424 1995 nach
454 1969 492 1995 v.
524 1956 603 1997 621
641 1958 845 2010 entzogen
881 1956 1030 1999 hatte“.
1087 1956 1238 2010 Neque
1270 1968 1369 1996 vero
1405 1956 1593 2013 accipere

102 2033 328 2078 possumus
355 2016 466 2064 ‘deo’
502 2036 575 2078 pro
602 2018 669 2065 ‘eo
701 2025 812 2065 certo
842 2023 1031 2076 numine,
1062 2023 1173 2078 quod
1193 2025 1316 2065 antea
1333 2023 1475 2064 visum
1495 2020 1591 2075 est’3

104 2104 201 2131 nam
228 2092 318 2130 tum
349 2090 586 2143 scripsisset
615 2089 829 2144 Vergilius
859 2085 1056 2131 ‘ducente
1085 2091 1228 2131 matris
1258 2088 1469 2142 numine’,
1507 2102 1593 2130 non

104 2157 279 2201 obscure
309 2158 350 2198 et
378 2158 562 2199 contorte
589 2152 785 2199 ‘ducente
814 2154 924 2199 deo’.
1203 2150 1209 2157 ’

213 2223 344 2279 lgitur
374 2237 441 2268 vv.
467 2225 684 2266 589—631
718 2215 913 2266 secundis
937 2224 1049 2265 curis
1077 2223 1236 2264 additos
1266 2222 1449 2265 arbitror.
1508 2224 1549 2265 N
1550 2237 1593 2266 e-

105 2306 187 2348 que
227 2295 367 2334 tamen
406 2292 449 2332 id
487 2292 708 2346 contendo,
746 2292 981 2346 Vergilium
1006 2292 1051 2332 in
1081 2292 1214 2346 prima
1239 2291 1337 2333 libri
1365 2292 1593 2334 conforma-

102 2361 216 2401 tione
254 2358 425 2400 omnino
454 2357 662 2401 Helenam
699 2359 961 2401 introducere
997 2358 1200 2412 noluisse,
1236 2371 1335 2400 nam
1364 2360 1409 2400 in
1439 2359 1593 2401 excidii

104 2420 250 2469 Troiae
279 2426 554 2480 descriptione
583 2428 730 2482 utique
758 2426 946 2468 Helenae
977 2429 1064 2468 erat
1091 2427 1247 2468 mentio
1277 2427 1487 2480 facienda3
1518 2427 1593 2469 sed

103 2495 230 2536 velim
275 2494 465 2536 animum
507 2494 710 2548 advertas,
751 2497 886 2536 cetera
922 2496 1076 2548 omnia,
1113 2506 1221 2550 quae
1257 2494 1362 2536 libro
1390 2493 1433 2535 H
1463 2495 1593 2535 conti-
