1709 2978
699 134 970 174 ..50-

81 252 171 296 Iam
208 265 308 295 vero
346 253 551 295 accedunt
576 278 629 284 —
659 253 704 296 id
739 254 852 309 quod
886 254 1074 298 Kernius
1111 256 1252 298 omisit
1279 281 1332 287 -—
1361 256 1482 298 multi
1518 256 1580 298 illi

82 322 157 375 qui
176 320 373 362 videntur
396 320 566 362 ablativi
594 320 788 374 absoluti,
816 324 917 362 sunt
942 324 1084 364 tamen
1110 324 1321 380 sociativi3
1353 336 1452 365 nam
1472 325 1581 366 sicut

83 388 343 443 explicamus
384 387 418 442 1,
446 389 540 430 480.
582 387 638 442 II,
667 389 762 430 483.
791 387 868 442 111,
898 389 981 430 263
1007 385 1196 432 ‘mnibus
1221 388 1367 444 passis’
1404 392 1446 433 et
1470 386 1578 444 ‘pal-

81 456 157 496 mis
177 453 327 509 passis’
367 474 410 486 =
438 451 551 497 ‘cum
581 456 718 511 passis
749 454 951 498 crinibus’
987 457 1045 498 ita
1074 459 1258 514 exempli
1288 470 1432 500 eausa:

194 522 250 577 II,
280 524 361 565 518
389 523 521 576 ipsum
546 530 678 563 autem
706 525 871 577 sumptis
899 524 1110 564 Priamum
1140 525 1365 566 iuvenilibus
1393 526 1517 566 armis

144 645 148 648 ι
386 597 429 630 ut
454 589 550 630 vidit

82 656 203 697 illum
240 657 351 697 inter
374 652 614 696 ‘Priamum'
651 658 693 696 et
715 651 898 710 'sumptis
933 655 1069 697 armz‘s’
1106 670 1267 699 nexum
1307 659 1481 700 minime
1514 671 1579 700 as-

83 725 302 778 sequimur
345 737 425 765 neo
464 724 604 765 latinis
643 722 786 765 verbis
828 724 1120 778 satisfacimus,
1164 726 1200 766 si
1238 727 1577 781 interpretamur:

79 786 145 832 ‘ut
188 790 299 832 vidit
332 789 546 832 Priamum
587 792 810 844 postquam
857 803 972 832 arma
1016 792 1195 846 sumpsit
1237 793 1307 833 vel
1350 795 1423 847 qui
1465 806 1580 835 arma

84 856 330 913 sumpserat’
367 857 442 899 sed
471 853 602 899 ‘arma
622 860 790 911 sumpta
809 855 1056 910 tenentem‘‚
1082 853 1195 900 ‘cum
1217 861 1346 901 armis
1367 860 1575 916 sumptis'.

83 925 243 966 Eodem
272 925 395 966 modo
423 926 604 979 explana
634 936 801 965 versus:

195 991 250 1046 ΙΙ,
277 992 359 1033 449
389 991 462 1032 alii
485 991 626 1032 strictis
653 991 902 1032 mucronibus
928 991 1029 1031 imas
1059 1015 1110 1020 —-
1140 991 1321 1033 obsedere
1339 992 1466 1048 fores.

279 1059 361 1102 479
388 1060 473 1114 ipse
500 1059 600 1100 inter
620 1059 779 1113 primos
806 1066 989 1113 correpta
1018 1058 1123 1100 dura
1145 1059 1306 1113 bipenni

389 1126 528 1167 limina
549 1126 792 1179 perrumpit.

150 1192 248 1245 VII,
279 1193 359 1234 509
637 1199 746 1233 vocat
774 1191 935 1245 aqmina
975 1191 1147 1246 Tyrrhus

386 1258 660 1314 quadrifidam
689 1273 873 1314 quercum
900 1257 1008 1298 minis
1036 1265 1077 1298 ut
1098 1259 1209 1313 forte
1236 1259 1376 1300 coactis

387 1326 596 1374 scindebat,
626 1333 748 1379 rapta
775 1326 935 1378 spirans
959 1324 1130 1365 immane
1158 1327 1293 1365 securi.

281 1392 362 1433 520
390 1394 520 1447 raptis
549 1399 782 1434 coowumcm
811 1391 982 1446 undique
1010 1390 1106 1432 telis.

147 1459 248 1512 XII,
278 1461 360 1500 288
389 1461 530 1501 strictis
559 1460 709 1500 ensibus
738 1460 895 1499 adsun&

83 1526 258 1568 deinde:

187 1594 245 1647 X,
277 1594 360 1635 654
378 1594 489 1649 forte
516 1594 615 1634 rat-is
638 1593 728 1634 celsi
752 1594 954 1634 coniuncta
982 1593 1182 1646 crepidine
1210 1593 1301 1632 sam·

387 1661 570 1714 expositis
597 1661 725 1701 stabat
752 1660 867 1700 scalis
888 1667 1083 1714 ponteque
1103 1666 1266 1711 parato.

86 1752 128 1763 =
163 1741 259 1770 cum
297 1729 421 1770 scalis
459 1729 676 1782 expositis.
739 1727 867 1769 Multo
906 1726 1108 1768 audacius
1145 1726 1253 1767 diota
1285 1728 1358 1768 sed
1389 1729 1580 1770 similiter

83 1796 334 1850 explicanda
362 1796 465 1836 mihi
494 1795 690 1837 videntur
719 1795 842 1836 haec:

194 1861 250 1915 II,
280 1863 362 1903 804
390 1862 540 1903 sublato
569 1869 715 1903 montes
741 1862 911 1915 yenitore
931 1861 1057 1914 petivi

86 1950 128 1962 =
159 1932 321 1984 patrem
352 1942 480 1984 quem
505 1929 757 1971 sustuleram
788 1930 944 1979 umeris
973 1930 1162 1983 portans3
1191 1929 1251 1968 et:

148 1996 245 2050 VII,
276 1997 350 2038 361
385 2011 454 2037 nec
481 1998 621 2037 matris
647 1998 801 2037 miseret
829 2011 949 2050 quam
968 1995 1108 2048 primo
1137 1995 1317 2049 aquilone
1344 1996 1532 2051 relinquet

379 2064 565 2120 perfidus
591 2064 673 2105 alta
694 2071 832 2118 petens
860 2063 1029 2103 abducta
1057 2062 1205 2116 viryz'ne
1225 2064 1382 2116 praedo
1396 2066 1437 2117 ¹).

85 2152 127 2164 =
159 2131 370 2186 virginem
398 2135 560 2187 raptam
590 2145 736 2174 secum
761 2132 934 2173 ducens.
991 2129 1146 2172 Nescio
1176 2143 1228 2172 an
1258 2131 1371 2173 idem
1402 2132 1579 2173 senserit

81 2197 280 2253 Forbiger
310 2199 384 2253 qui
413 2194 603 2240 adnotat:
631 2194 772 2240 ‘Putat
801 2200 928 2254 igitur
946 2199 1111 2251 Amata,
1140 2198 1328 2240 Aeneam
1358 2210 1467 2239 cum
1495 2199 1578 2238 vir-

80 2267 179 2320 gine
210 2269 327 2321 rapta
357 2279 421 2319 eo,
450 2265 564 2306 unde
592 2266 767 2319 venerit,
798 2278 899 2308 mox
927 2265 1159 2307 rediturum
1188 2263 1313 2306 esse‘.

194 2332 430 2376 Sociativus
456 2332 598 2374 verbis
630 2334 788 2387 copiae,
827 2346 934 2387 quae
974 2333 1204 2386 nominavi,
1239 2332 1431 2374 adnexus
1469 2330 1578 2385 apud

175 2493 213 2535 1)
246 2503 317 2526 non
340 2493 393 2526 ita
417 2491 588 2525 Horatius
611 2491 665 2526 od.
690 2492 720 2533 I,
746 2493 807 2526 15:
840 2493 963 2524 Pastor
988 2503 1074 2523 cum
1099 2492 1296 2524 traheret
1316 2503 1381 2533 per
1394 2493 1494 2534 sreea
1520 2502 1578 2523 na-

82 2548 174 2580 vibus
198 2548 315 2581 Idaeis
340 2548 491 2581 Helenen
513 2548 668 2590 perfidus
691 2548 860 2591 hospitam.
