1709 2978
695 83 960 125 -21-

64 202 180 250 ‘esse
209 209 261 251 de
290 209 430 251 causis
460 219 567 262 quae
592 205 733 248 nullae
762 208 861 247 sunt
873 205 920 260 ¹),
947 207 995 246 ut
1022 203 1280 247 Ribbecln‘us
1309 205 1466 261 aliique
1494 207 1578 247 iam

87 278 188 318 satis
216 277 517 332 exposuerunt.
572 272 675 316 Mihi
696 272 867 328 quidem
885 274 933 314 ut
952 271 1156 327 Gruppio,
1169 270 1419 328 *Ribbeokim
1439 272 1579 316 Peerl-

87 344 255 399 kampio
283 344 385 385 haec
418 341 647 394 sufficiunt,
675 343 722 381 ut
745 339 994 381 contendam
1021 351 1172 381 versus
1201 352 1287 381 non
1319 342 1453 397 magis
1483 354 1578 383 esse

84 413 293 467 genuinos
330 423 458 466 quam
496 409 569 464 qui
597 408 782 449 decimae
820 408 968 455 satirae
992 407 1116 462 primi
1149 406 1313 449 Horatii
1342 408 1438 450 libri
1464 412 1579 451 ante-

85 480 243 521 cedant.
309 479 483 532 Augent
522 475 853 531 interpolationis
897 476 1183 528 suspicionem
1226 476 1491 519 difficultates
1537 481 1580 519 et

84 547 375 603 perversitates
411 545 705 600 grammaticae
749 555 804 584 ne
840 541 891 583 ab
932 542 995 583 eis
1026 542 1195 597 quidem
1231 546 1405 599 negatae
1416 545 1462 598 ²),
1505 546 1577 599 qui

86 615 285 670 neglectis
316 625 424 668 quae
452 611 576 653 modo
608 611 726 654 attuli
755 622 904 652 versus
933 611 1143 664 genuinos
1174 613 1331 665 putant.

193 680 376 723 Reiectis
404 680 470 720 his
499 678 694 721 versibus
722 679 808 720 hiat
837 678 1015 719 narratio
1029 676 1078 730 ³),
1108 678 1209 732 quia
1235 691 1275 718 v.
1309 679 1407 719 594:
1435 684 1437 687 ’

192 796 198 802 „
249 754 338 787 nate
366 747 452 801 quis
480 746 690 787 indomitas
717 752 846 785 tantus
875 743 987 784 dolor
1015 743 1155 784 amitat
1181 744 1265 784 iras

86 828 169 857 non
209 816 294 857 iam
334 813 591 868 intellegitur
632 816 673 854 et
706 826 745 853 v.
778 813 854 854 601
895 807 1129 867 postulatur
1166 813 1212 852 ut
1241 816 1363 855 antea
1387 812 1577 855 Helenae

83 883 239 924 mentio
269 883 323 923 sit
350 880 467 922 facta.
527 881 584 922 At
613 880 785 923 difficile
813 880 946 922 videri
974 882 1111 935 potest
1134 881 1238 922 tanti
1261 880 1448 923 ambitus
1463 881 1576 923 lacu-

84 963 182 991 nam
218 951 263 991 in
300 962 348 991 eo
385 947 490 989 libro
533 950 726 1002 statuere,
756 949 829 1003 qui
858 948 1115 1002 antiquitatis
1142 949 1381 991 testimonio
1410 950 1456 990 in
1484 961 1576 1004 per-

82 1016 321 1058 fectissimis
352 1014 554 1057 Aeneidis
589 1015 755 1057 habitus
795 1015 845 1056 ab
886 1016 979 1070 ipso
1020 1017 1143 1069 poeta
1185 1016 1297 1070 apud
1333 1017 1575 1072 Augustum

83 1084 349 1135 recitabatur3
381 1083 457 1123 vix
486 1085 625 1124 autem
646 1084 697 1124 ad
717 1083 975 1124 recitandum
995 1084 1116 1138 aptus
1137 1085 1236 1136 erat,
1266 1084 1302 1123 si
1321 1095 1417 1137 pars
1436 1096 1577 1124 narra-

82 1153 208 1193 tionis
230 1152 314 1205 (vv.
339 1150 573 1202 588—603)
602 1150 753 1191 lacuna
774 1150 1044 1192 antecedente
1063 1163 1235 1205 prorsus
1264 1150 1573 1192 obscurabatur.

83 1221 277 1260 Attamen
315 1217 576 1272 interpolatio
607 1220 717 1259 certa
745 1218 922 1259 videtur.
989 1216 1082 1267 Qua
1116 1217 1357 1259 difficultate
1394 1217 1576 1259 adducor

82 1289 128 1327 ut
164 1287 209 1327 in
240 1286 374 1340 prima
402 1285 498 1327 libri
527 1286 696 1327 alterius
725 1287 1024 1340 compositione
1059 1298 1208 1327 versus
1240 1285 1457 1327 589--631
1489 1298 1576 1326 om-

177 1423 216 1466 1)
246 1420 414 1456 delevisse
438 1420 545 1465 Verg.
572 1420 703 1456 amicos
736 1419 800 1455 hos
830 1431 949 1464 versus
974 1421 1116 1456 Servius
1139 1420 1253 1456 tradit
1278 1423 1315 1456 et
1340 1421 1422 1466 quia
1445 1431 1574 1466 repug-

85 1481 211 1514 narent
233 1478 315 1513 libri
337 1477 430 1513 sexti
452 1477 608 1512 versibus
626 1477 690 1512 511
712 1488 786 1522 sqq.
807 1479 844 1512 et
862 1479 945 1523 quia
963 1477 1125 1514 dedecori
1141 1480 1328 1523 putassent
1344 1490 1419 1513 esse
1436 1479 1575 1514 Aeneae

83 1535 264 1571 mulierem
289 1534 447 1579 aggredi.
1101 1570 1103 1572 ,

173 1592 212 1635 2)
246 1591 291 1627 cf.
315 1591 540 1627 Weidnerum
576 1593 627 1637 (p.
653 1591 721 1626 401
745 1594 859 1637 sqq.);
894 1592 1042 1628 adnotat
1075 1593 1120 1628 ad
1152 1605 1181 1628 v.
1208 1594 1293 1629 574:
1330 1594 1460 1639 invisa]
1496 1622 1503 1628 .
1531 1622 1538 1628 .
1568 1622 1575 1628 .

82 1649 220 1685 freilich
249 1649 287 1683 in
318 1647 378 1683 der
396 1697 399 1699 -
416 1647 628 1693 Bedeutung
668 1649 916 1693 ‚,ungesehen“
953 1650 1090 1685 kommt
1126 1650 1260 1685 invisus
1298 1651 1464 1696 nirgends
1503 1662 1574 1686 vor.

84 1708 159 1743 Wir
183 1706 297 1742 haben
320 1706 393 1741 also
417 1706 455 1741 in
481 1706 595 1741 dieser
618 1706 875 1742 zweifelhaften
890 1707 1013 1743 Partie
1037 1707 1178 1743 einfach
1203 1708 1260 1743 ein
1284 1709 1481 1755 exemplum
1500 1709 1573 1755 epi—

83 1776 144 1800 cae
166 1763 394 1808 loquacitatis
416 1774 459 1797 zu
482 1763 633 1804 notiren,
658 1763 741 1798 aber
769 1764 885 1799 sicher
909 1765 1011 1800 nicht
1034 1765 1078 1799 ad
1096 1764 1325 1800 imitandum!
1374 1765 1418 1800 ad
1438 1777 1469 1800 v.
1487 1765 1574 1801 585:

120 1851 126 1857 .
154 1850 161 1856 .
186 1832 269 1856 man
300 1822 384 1865 sagt
414 1820 517 1856 nicht
545 1831 682 1856 sumere
713 1832 861 1866 poenam
894 1821 1042 1857 alicuius
1066 1836 1112 1849 =
1135 1822 1179 1856 ab
1209 1821 1326 1868 aliquo
1358 1822 1450 1858 noch
1482 1824 1575 1859 auch

83 1881 255 1927 merentes
287 1889 417 1923 poenas
450 1890 586 1915 sumere
614 1895 660 1908 =
692 1879 848 1914 meritas.
905 1879 1151 1915 Hackermann
1175 1880 1224 1915 H.
1250 1879 1295 1915 32
1328 1880 1399 1915 will
1429 1880 1575 1916 deshalb

83 1949 126 1973 zu
151 1935 318 1972 merentis
344 1935 465 1979 (Acc.)
484 1936 583 1972 'sumi
606 1940 779 1982 erganzen
802 1951 848 1963 z
872 1939 909 1972 et
924 1937 1116 1982 sumpsisse
1132 1947 1261 1983 poenas
1279 1938 1373 1973 sumi
1388 1941 1573 1974 merentes.

82 1994 167 2029 Dies
190 1994 240 2029 ist
262 1992 401 2028 freilich
424 1993 502 2029 eine
527 1993 782 2040 merkwiirdige
807 1994 1027 2039 Tautologie.
1076 1995 1120 2030 ad
1145 2006 1175 2030 v.
1194 1995 1283 2031 587:
1312 1995 1450 2031 ultricis
1471 1996 1575 2031 flam—

82 2052 175 2097 mae]
222 2050 296 2086 Ffir
328 2050 406 2086 eine
436 2052 556 2088 solche
580 2051 813 2097 Verbindung
844 2051 931 2087 wird
961 2052 1037 2088 sich
1068 2052 1170 2089 nicht
1201 2053 1312 2090 leicht
1340 2052 1398 2089 ein
1422 2053 1576 2100 Beispiel

82 2109 198 2145 finden
224 2108 349 2143 lassen.
397 2108 482 2143 Also
506 2109 556 2144 ist
578 2110 657 2145 hier
680 2110 758 2145 eine
782 2110 1041 2145 Incorrectheit
1064 2110 1124 2145 des
1141 2110 1344 2146 Ausdrucks
1361 2123 1404 2147 zu
1422 2112 1575 2148 notiren.

48 2174 50 2176 ·
82 2165 217 2202 Deinde
240 2176 272 2200 v.
285 2164 353 2200 570
376 2165 480 2201 verbo
503 2163 665 2202 'erranti'
691 2178 781 2203 nova
806 2167 998 2203 difficultas
1022 2167 1183 2203 infertur.
1230 2168 1342 2204 Recte
1366 2169 1575 2206 Weidner-us

82 2225 190 2261 dicit:
229 2222 301 2266 „Er
331 2222 443 2258 selbst
478 2223 632 2260 befindet
660 2226 738 2261 sich
769 2225 871 2261 nieht
901 2225 1002 2260 mehr
1033 2224 1097 2260 auf
1119 2225 1180 2261 der
1203 2226 1307 2261 Hohe
1330 2226 1390 2262 des
1414 2227 1576 2263 Palastes

82 2281 231 2318 sondern
260 2280 310 2316 ist
338 2280 468 2315 bereits
500 2281 793 2327 herabgestiegen
831 2294 897 2318 um·
914 2282 1016 2318 einen
1039 2283 1276 2327 verborgenen
1302 2284 1394 2328 Weg
1423 2295 1465 2319 zu
1496 2285 1576 2320 dem

82 2340 201 2375 Hause
244 2338 304 2373 des
335 2337 508 2372 Anchises
538 2350 581 2374 zu
614 2339 741 2375 finden.
790 2340 833 2375 cf.
867 2340 970 2374 570.“
1023 2340 1091 2377 Sed
1121 2350 1202 2375 cum
1231 2341 1352 2376 Venus
1387 2342 1511 2387 postea
1544 2341 1577 2376 ei

84 2396 225 2433 Troiam
249 2396 431 2431 ardentem
454 2398 642 2440 monstrat,
667 2408 787 2432 rursus
811 2408 949 2432 summa
973 2398 1011 2433 in
1034 2409 1113 2433 aree
1137 2409 1218 2433 eum
1238 2400 1333 2434 stare
1352 2409 1493 2434 necesse
1510 2401 1574 2434 est.

174 2455 215 2499 3)
249 2454 367 2499 Atque
390 2452 458 2487 hoc
481 2454 708 2498 potissimum
731 2454 919 2490 nonnullos
943 2454 1154 2500 interpretes
1178 2455 1361 2498 deterruit,
1390 2455 1575 2501 quominus

84 2522 202 2549 versus
226 2510 327 2547 uncis
350 2508 584 2546 includerent.
