1709 2978
734 117 980 158 ..7-

113 239 150 280 si
165 251 234 288 *ex
261 239 353 294 ipsa
370 239 561 282 Aeneide
590 239 762 293 scimus,
788 237 989 281 Troianos
1018 241 1103 281 tres
1129 238 1290 280 hiemes
1315 239 1362 279 in
1391 237 1601 280 erroribus

110 307 365 361 transegisse
393 310 435 349 et
462 308 639 361 insuper
665 305 770 348 duas
800 305 925 349 urbes
953 305 1211 359 condidisse,
1251 306 1295 346 in
1326 304 1482 360 quibus
1509 305 1601 347 diu-

111 374 195 415 tius
231 375 383 417 morari
417 386 489 416 eos
527 372 754 428 oportebat,
796 385 937 415 11011110
965 375 1087 428 poeta
1115 386 1141 414 a
1168 371 1290 414 nobis
1319 372 1514 426 postulat,
1555 374 1602 413 ut

109 441 191 496 ipsi
220 443 382 496 septem
409 454 482 484 eas
507 453 612 496 quas
642 442 684 482 in
714 439 819 483 libro
841 439 887 480 V.
918 442 1216 483 commemorat
1247 442 1425 482 aestates
1459 441 1599 482 animo

111 507 381 563 suppleamus
394 509 414 550 Ρ
431 510 458 561 ¹)
515 505 671 562 Atque‘
694 520 748 549 ne
784 508 907 550 refert
933 508 1103 563 quidem
1133 509 1224 563 ipse
1251 509 1374 562 pocta
1403 505 1601 549 Troiano-

108 588 204 616 rum
230 584 403 629 errores,
435 574 509 616 sed
536 575 705 616 Aeneas
734 573 889 617 Didoni
919 578 1080 627 narrat3
1118 575 1195 616 hoc
1223 576 1363 616 autem
1393 587 1417 615 a
1445 573 1600 615 Conra-

109 642 207 685 dino
245 655 416 698 prorsus
457 641 694 698 neglectum
736 643 879 698 magni
917 643 1022 684 mihi
1049 642 1215 684 videtur
1248 653 1342 683 esse
1372 641 1596 691 momenti;

108 710 309 765 relegenti
350 711 464 752 enim
499 721 607 764 quae
643 711 754 761 terra
790 711 980 765 marique
1016 721 1167 765 passus
1204 712 1269 750 est
1297 709 1463 763 singula
1490 709 1598 750 ultro

109 780 343 820 coartantur
370 780 412 820 et
438 778 750 832 astringuntur;
783 777 904 819 modo
936 790 986 819 ea
1013 778 1214 821 memorat
1240 788 1348 832 quae
1366 779 1598 818 memoratu

109 845 236 900 digna
262 845 386 887 altius
415 845 547 886 menti
573 845 810 897 inhaerent3
840 857 968 899 quare
988 844 1174 898 exempli
1194 856 1321 885 causa
1340 856 1397 885 ex
1416 857 1465 885 eo
1488 844 1598 898 quod

107 914 200 967 post
233 912 461 954 adventum
495 913 540 953 in
570 910 785 954 Thraciam
815 913 1026 953 narratum
1056 910 1149 965 (III,
1182 912 1248 964 18)
1279 911 1487 965 proximis
1517 914 1599 953 sta-

106 982 182 1022 tim
210 979 404 1021 versibus
432 980 532 1022 inde
560 993 585 1021 a
610 993 650 1021 v.
670 979 722 1022 19
749 980 801 1022 ad
830 981 992 1021 exitum
1021 992 1077 1021 ex
1106 978 1252 1021 eadem
1280 981 1387 1020 terra
1417 978 1599 1021 decurrit

106 1049 286 1102 Aeneas,
314 1061 401 1091 non
430 1047 677 1089 concludere
706 1046 922 1102 debemuS,
951 1047 1054 1090 haec
1084 1047 1167 1089 duo
1197 1047 1304 1089 facta
1326 1047 1453 1089 etiam
1479 1047 1596 1090 nullo

106 1116 302 1170 temporis
326 1116 459 1170 spatio
486 1115 663 1156 discreta
689 1115 848 1167 fuisse3
882 1116 1118 1156 intercessit
1146 1127 1249 1156 sane
1278 1115 1476 1170 temporis
1504 1127 1596 1170 spa—

105 1184 224 1242 tium,
252 1183 359 1224 nihil
377 1185 518 1224 autem
536 1181 693 1236 habuit,
723 1181 837 1237 quod
860 1181 912 1223 de
934 1195 983 1223 eo
1007 1185 1201 1224 narraret.
1253 1181 1452 1224 Similiter
1471 1184 1595 1224 etiam

106 1251 157 1292 de
194 1251 342 1293 ceteris
380 1250 650 1293 iudicandum
693 1251 772 1293 erit
807 1252 931 1304 atque
971 1263 1066 1292 mea
1105 1250 1275 1305 quidem
1304 1251 1514 1292 sententia
1540 1263 1595 1292 ex

85 1319 341 1360 narratione
370 1318 555 1370 Aeneae,
593 1318 746 1373 quippe
786 1330 893 1372 quae
924 1319 978 1359 sit
1008 1319 1201 1371 nai-ratic,
1244 1330 1378 1359 annos
1408 1331 1594 1360 errorum

105 1385 276 1436 omnino
304 1385 527 1427 enucleare
556 1398 642 1427 non
669 1397 899 1440 possumus
927 1398 1007 1427 1100
1025 1384 1242 1427 debemus.
1287 1386 1595 1441 Argumentum

104 1453 256 1505 autem,
293 1451 406 1506 quod
444 1452 494 1494 ab
534 1453 846 1495 Achaemenide
884 1467 909 1495 a
945 1451 1137 1495 Troianis
1170 1456 1337 1508 recepto
1374 1452 1417 1494 C.
1447 1455 1597 1508 repetit

105 1533 158 1562 ne
188 1520 422 1562 secundum
449 1521 586 1575 ipsius
608 1521 779 1576 quidem
802 1534 987 1563 errorum
1008 1520 1345 1563 distributionem
1363 1521 1595 1577 quidquam

104 1586 268 1643 probat3
308 1587 387 1629 hac
427 1590 542 1630 enim
571 1590 616 1630 in
644 1588 786 1631 fabula
813 1590 922 1630 sicut
950 1589 997 1630 in
1028 1589 1121 1630 aliis
1150 1591 1385 1644 temporum
1412 1590 1595 1631 rationes

106 1651 319 1708 Odysseae
349 1658 389 1697 et
408 1656 611 1698 Aeneidis
638 1670 857 1711 nunquam
885 1658 1147 1698 convenient.
1194 1656 1304 1698 Nam
1324 1657 1393 1698 vel
1413 1669 1469 1698 ex
1488 1655 1595 1698 Con-

103 1722 238 1764 radini
277 1724 485 1765 sententia
512 1725 681 1766 Aeneas
719 1724 847 1766 altero
880 1724 1050 1766 demum
1080 1736 1179 1765 vere
1212 1727 1309 1778 post
1337 1722 1483 1765 Troiae
1521 1736 1595 1766 ex-

105 1789 260 1830 cidium
288 1788 339 1830 ad
367 1783 569 1845 Cyclopas
592 1792 737 1833 venire
764 1793 912 1847 potest,
940 1793 1059 1833 initio
1082 1792 1167 1833 fere
1187 1791 1272 1834 Mai
1291 1792 1465 1844 mensis,
1494 1803 1593 1846 ergo

104 1856 278 1898 Ulixem
306 1856 436 1899 altera
464 1857 602 1900 hieme
634 1871 821 1900 errorum
856 1870 1043 1912 suorum,
1081 1871 1226 1900 mense
1255 1857 1497 1911 Februario,
1534 1857 1594 1899 ibi

103 1924 234 1966 fuisse
275 1923 560 1979 colligendum
601 1928 723 1968 esset.
793 1924 901 1968 Tum
942 1928 1082 1968 autem
1123 1926 1243 1967 initio
1284 1917 1437 1967 decimi
1479 1927 1594 1981 anni,

104 1989 173 2032 ὅτε
213 1985 264 2037 δὴ
302 1992 391 2039 ἔτος
428 1986 535 2038 ἦλθε
570 1992 863 2050 περιπλομένων
897 1993 1096 2045 ἐνιαυτῶν,
1145 1995 1206 2047 τῷ
1243 1996 1278 2033 οἱ
1312 1987 1593 2034 ἐπεκλώσαντο

103 2059 193 2101 θεοὶ
221 2052 373 2100 οἶκόνδε
402 2059 563 2102 νέεσθαι
591 2076 616 2104 8
645 2062 851 2117 Calypsus
880 2062 1019 2104 insula
1049 2061 1171 2103 avehi
1201 2061 1362 2116 nequit,
1389 2073 1488 2102 nam
1515 2062 1594 2103 fuit

103 2126 215 2181 apud
244 2138 337 2168 eam
365 2129 542 2182 septem,
580 2130 691 2184 apud
722 2129 870 2171 Circen
903 2143 1036 2171 unum
1066 2141 1240 2182 annum,
1279 2129 1455 2183 insuper
1484 2131 1593 2170 Aeo-

101 2196 204 2249 lum,
237 2193 559 2250 Laestrygones,
599 2195 814 2240 Tartarum
842 2197 953 2239 adiit.
1009 2197 1160 2253 Neque
1185 2196 1357 2239 omnino
1386 2199 1471 2239 tam
1499 2209 1592 2239 sero

102 2263 153 2305 ad
182 2261 486 2317 Polyphemum
519 2265 648 2318 venit,
689 2265 789 2319 quia
825 2278 850 2306 a
882 2263 1108 2306 Ciconibus
1150 2266 1192 2305 ct
1222 2263 1593 2319 Laestrygonibus,

102 2331 215 2385 apud
242 2343 347 2385 quos
375 2333 486 2372 certe
515 2345 601 2374 non
631 2331 704 2374 diu
730 2334 897 2386 mansit,
927 2333 1066 2374 statim
1087 2331 1138 2373 ad
1159 2330 1388 2387 Cyclopum
1408 2332 1592 2374 insulam

102 2398 263 2441 delatus
293 2400 366 2440 est.

194 2489 233 2532 1)
265 2487 425 2528 Accedit,
458 2487 551 2532 quod
578 2498 722 2533 prorsus
754 2489 939 2530 nescimus,
971 2491 1144 2534 quantum
1181 2490 1351 2534 temporis
1383 2490 1520 2524 Aeneas
1550 2501 1591 2524 ex

101 2545 252 2593 Vergilii
273 2544 450 2582 sententia
470 2544 510 2580 in
535 2544 657 2582 Sicilia
679 2545 736 2592 (cf.
760 2546 865 2582 finem
890 2545 971 2582 libri
993 2545 1107 2592 tertii)
1131 2547 1369 2582 commoratus
1392 2546 1450 2582 sit.
