1709 2978
687 147 955 188 ..36-

138 268 238 323 XII,
270 270 347 312 131
378 277 461 311 mm
487 272 617 313 studio
648 271 792 326 effmae
817 279 963 313 matres
990 280 1026 314 et
1053 274 1184 329 volque
1211 275 1405 316 immam

374 337 618 394 ‘invalidique
646 352 751 380 sene-3
778 339 901 380 tamis
929 354 976 380 ac
1002 348 1099 395 tectu
1128 342 1288 383 deorum

378 406 559 447 obsedere
573 408 617 458 ¹).
829 418 832 421 ·

74 471 358 525 Inveniuntur
386 474 497 529 apud
529 474 762 529 Vergilium
792 475 917 515 etiam
946 467 1207 530 participia?
1223 479 1382 531 captus,
1415 474 1569 528 impul-

75 553 162 594 suS,
206 546 454 595 concussus,
496 554 739 597 perGUSSUS,
779 554 999 601 acoenSUS,
1037 556 1281 600 succensus,
1318 543 1570 598 flammatus,

74 623 159 650 non
185 622 285 651 vero
316 612 362 651 ut
388 610 669 652 additamenta
695 609 865 651 ablativi
886 611 960 651 sed
982 612 1168 667 integrae
1187 612 1398 653 enunciati
1418 614 1570 665 partes,

71 678 130 727 ita
157 680 202 718 ut
230 677 378 718 deesse
407 680 631 733 nequeant.
692 677 881 719 Primum
910 680 1025 720 enim
1055 681 1276 721 enunciato
1303 681 1359 720 ita
1389 681 1487 719 sunt
1505 680 1570 719 in-

71 748 201 798 texta,
237 748 284 786 ut
312 745 384 787 alii
412 745 541 786 verbo
570 746 614 786 in
646 751 788 800 aequo'
810 747 944 800 posita
973 748 1059 788 sint
1087 748 1178 789 sive
1208 748 1325 789 alteri
1353 746 1569 801 participio

72 812 163 854 sive
190 812 408 854 adiectivo.
469 812 539 853 cf.:

157 877 232 932 ΠΙ,
264 879 344 921 330
375 886 434 920 ast
463 879 576 920 illum
606 888 761 934 ereptae
789 896 932 935 maqno
953 882 1188 936 flammatus
1216 896 1349 924 amore

376 947 548 1001 coniuqis
577 955 611 988 et
640 948 824 989 scelerum
845 949 974 1004 furii-3
1003 950 1172 1003 ayitatus
1200 949 1349 990 Orestes

377 1015 530 1068 evcz'pit.

155 1081 231 1134 IV,
263 1083 343 1123 194
371 1096 474 1122 nunc
501 1082 664 1124 hiemem
691 1084 792 1124 inter
819 1098 858 1125 se
886 1085 994 1133 luam,
1027 1100 1147 1140 quam
1170 1085 1298 1140 lonya,
1320 1085 1457 1140 fovere

376 1165 588 1204 reynerum
616 1151 860 1192 immemores
889 1154 1073 1207 turpique
1100 1153 1283 1206 cupidine
1309 1158 1454 1205 captos,

268 1218 347 1259 697
378 1219 446 1258 sed
472 1219 617 1258 misera
645 1226 734 1259 ante
764 1219 864 1259 diem
898 1220 1096 1274 subitoque
1123 1233 1282 1259 accensa
1300 1218 1444 1273 furore
1474 1249 1483 1257 .
1516 1249 1525 1258 .

182 1284 239 1338 X,
271 1285 349 1326 397
381 1285 567 1325 Arcadas
592 1300 768 1326 accensos
797 1287 947 1326 monitu
974 1293 1008 1326 et
1030 1284 1248 1339 praeclara
1276 1285 1411 1325 tuentis

628 1385 636 1393 .
670 1384 678 1393 .
712 1384 721 1393 .
746 1354 887 1406 pudor
916 1361 1049 1393 armat
1077 1354 1118 1393 in
1148 1352 1276 1392 hostis.

153 1419 232 1473 XI,
263 1420 343 1461 709
373 1426 414 1460 at
442 1419 513 1460 illa
533 1420 678 1474 furens
706 1420 864 1475 acrique
895 1434 1055 1462 accensa
1080 1420 1213 1461 dolore
1241 1451 1250 1459 .
1283 1450 1291 1459 .
1323 1450 1332 1459 .

132 1487 232 1540 XII,
263 1488 342 1528 277
374 1484 415 1526 'at
435 1487 591 1540 fratres
616 1488 794 1528 animosa
817 1487 1004 1540 phalanx
1032 1501 1266 1541 accensaque
1291 1486 1392 1526 luctu
1422 1518 1430 1526 .
1464 1518 1472 1526 .
1505 1517 1514 1526 .

67 1558 139 1596 aut
167 1569 191 1595 a
220 1556 437 1609 participio
467 1555 579 1595 aliud
608 1554 921 1596 substantivum
952 1554 1117 1609 pendet,
1148 1554 1217 1594 cf.:

180 1622 233 1674 V,
260 1621 342 1663 869
369 1620 496 1661 multa
522 1636 687 1675 yemens.
704 1637 870 1678 casuque
899 1623 1076 1663 animum
1105 1635 1304 1662 concussus
1331 1620 1460 1660 amici.

136 1688 229 1742 VII,
261 1689 342 1730 392
362 1688 491 1743 fwriis
519 1703 699 1729 accensas
721 1697 880 1743 pectore
904 1696 1049 1729 matres

130 1756 229 1808 XII,
257 1757 340 1797 468
371 1757 441 1798 hoc
469 1772 651 1798 concussa
681 1764 784 1797 metu
811 1764 977 1797 mentem
1001 1757 1172 1811 Iuturna
1202 1757 1334 1809 virayo

94 1823 141 1865 G.
163 1822 239 1877 IV,
262 1824 342 1865 357
366 1837 558 1877 percussa
585 1838 685 1864 nova
716 1830 879 1864 mentem
898 1823 1122 1878 formidine
1146 1829 1279 1863 mater.

64 1893 241 1946 Saepius
277 1892 430 1933 deinde
470 1905 555 1933 non
594 1895 799 1933 structura
830 1891 1000 1945 quidem
1032 1886 1299 1944 grammatica
1329 1892 1402 1933 sed
1433 1905 1562 1934 sensu

63 1959 309 2014 postulatur,
348 1962 395 1999 ut
430 1958 496 1999 his
534 1959 776 2013 participiis,
808 1971 904 1999 cum
934 1970 1008 2012 pro
1052 1969 1097 1997 se
1139 1957 1324 2011 quidque
1356 1958 1562 2013 integram

64 2027 316 2067 sententiam
344 2026 413 2067 vel
432 2028 714 2067 'enunciatum
742 2025 952 2080 praebeat,
987 2025 1199 2079 propriam
1229 2037 1348 2066 suam
1378 2027 1465 2066 vim
1492 2028 1562 2067 tri·

62 2092 255 2135 buamuS.
319 2092 537 2148 Legimus:
1544 2084 1551 2093 ’

129 2160 226 2215 VII,
257 2161 338 2202 496
368 2162 452 2215 ipse
480 2161 597 2201 etiam
628 2162 792 2202 ez-imiae
821 2161 951 2201 laudis
978 2173 1175 2200 succensus
1203 2174 1336 2200 amore

368 2228 564 2268 Ascanius
596 2243 711 2269 marvo
740 2229 890 2269 derexit
915 2227 1069 2281 spicula
1097 2242 1215 2267 cornu

62 2309 147 2337 non
189 2291 307 2350 ‘prae
350 2309 490 2337 amore
532 2296 669 2337 laudis
712 2296 794 2337 tela
838 2293 976 2336 mittit‘
1030 2294 1102 2334 sed
1145 2298 1351 2337 narratur:
1384 2291 1562 2350 ‘capitur

61 2363 273 2404 Ascanius
301 2363 457 2416 gloriae
479 2363 616 2403 studio
637 2366 678 2403 et
699 2364 893 2417 sagittam
914 2359 1085 2415 dirigit’.
1146 2361 1313 2404 Similes
1335 2366 1435 2404 sunt
1453 2364 1554 2404 loci:

154 2465 194 2509 1)
219 2466 310 2500 Cum
334 2463 564 2509 participium
589 2463 691 2504 desit,
724 2462 903 2498 nonnullis
926 2461 1016 2496 locis
1041 2461 1184 2496 dubium
1209 2474 1284 2498 esse
1307 2464 1437 2508 potest,
1472 2474 1558 2508 quo-

60 2521 163 2557 modo
187 2521 475 2566 interpretemur,
501 2522 621 2554 utrum
645 2521 796 2566 exempli
821 2530 927 2555 causa
948 2516 1032 2563 'qua
1045 2514 1115 2563 spe'
1134 2537 1179 2549 =
1192 2530 1272 2555 eum
1293 2531 1362 2565 qua
1380 2530 1441 2564 spe
1465 2516 1556 2561 'mit‚

58 2580 97 2615 in
122 2578 272 2614 welcher
296 2573 486 2622 Hoffnung'
514 2588 560 2613 an
584 2593 630 2606 :r-
652 2575 735 2623 'qua
759 2588 820 2623 spe
844 2571 982 2612 ductus'
1008 2575 1236 2621 accipiamus.
