1709 2978
131 238 254 280 cuius
294 237 464 293 quando
505 238 636 279 amori
675 239 810 292 prima
847 249 1033 280 sororem
1071 235 1294 278 tradiderit.
1365 233 1507 275 Sensit
1542 233 1620 274 hoc

129 302 387 347 Ribbeckius
416 306 541 359 atque
569 307 666 359 post
692 318 732 346 v.
763 305 846 346 418
873 304 1101 346 inculcavit
1127 316 1196 345 vv.
1227 303 1319 344 548.
1349 302 1425 344 49:

297 378 340 412 tu
368 370 541 411 lam-imis
567 372 687 412 evicta
713 373 809 413 meis
835 379 878 412 tu
898 372 1041 425 prima
1058 371 1262 427 furentem

296 437 356 479 hie
379 446 569 492 ymno
593 439 710 481 malie
725 450 877 482 υησναε
900 445 1016 495 atque
1037 438 1154 480 obicis
1176 436 1287 479 hosti.

132 505 213 546 Sed
253 506 333 546 hoc
370 518 625 560 quamquam
654 499 766 550 re‘cte
794 509 1075 562 excogitatum
1102 506 1201 547 ferri
1228 504 1390 558 nequit,
1426 503 1526 556 quia
1557 502 1621 541 in-

131 583 257 627 super
282 574 373 614 tum
400 572 552 616 lacuna
580 576 677 616 ante
701 573 783 616 419
813 573 1033 616 statuenda
1060 574 1125 615 est
1150 574 1192 614 et
1220 566 1289 612 vvss
1322 571 1415 612 548.
1448 569 1529 610 549
1558 580 1622 609 re-

130 642 323 693 pugnant
344 639 538 682 versibus
562 642 643 682 419
665 654 754 697 sqq.
810 641 859 683 Id
887 644 1026 683 autem
1054 639 1287 682 Ribbeckio
1316 637 1497 680 libenter
1523 648 1622 677 con-

130 705 231 747 cedo
267 718 336 746 vv.
373 706 465 748 548.
496 708 551 748 49
591 706 665 748 ubi
700 708 849 750 tradita
884 709 970 749 sint
1009 707 1194 762 permale
1227 705 1404 747 orationi
1443 701 1621 745 Didonis

131 784 226 814 esse
254 772 497 826 adiunctos;
528 777 692 828 perorat
717 776 863 830 regina
890 788 930 816 v.
963 776 1042 816 547

297 839 392 894 quin
417 854 581 889 morere,
609 847 651 881 ut
678 842 819 882 merita
845 856 896 891 es,
917 842 1111 897 ferroque
1139 845 1266 880 averte
1294 837 1481 878 dolorem.

130 907 203 960 qui
253 909 489 961 sequuntur
532 922 601 949 vv,
634 909 826 950 548-52
865 910 1020 964 quippe
1056 907 1204 949 eodem
1245 910 1433 960 tempore
1474 903 1620 945 inserti

130 986 215 1027 quo
240 972 417 1015 Didonis
447 977 488 1016 et
515 975 666 1017 Annae
696 976 951 1030 colloquium
980 976 1191 1031 languent

242 1175 292 1218 In
320 1177 446 1218 altera
469 1176 564 1219 libri
595 1181 729 1233 quarti
758 1182 875 1234 parte
904 1190 990 1222 non
1019 1191 1152 1235 pauca
1180 1176 1410 1218 offendunt.
1451 1173 1620 1214 Aeneas

129 1241 244 1284 Iovis
268 1243 433 1285 monitu
461 1243 629 1287 adactus
659 1258 851 1301 proceres
879 1246 1055 1288 classem
1085 1246 1291 1286 instruere
1315 1241 1433 1296 (289)
1461 1239 1621 1281 omnia-

118 1322 212 1364 -que
241 1310 294 1352 ad
322 1310 669 1365 proficiscendum
697 1326 844 1367 parare
871 1313 1006 1367 iubet3
1050 1314 1120 1355 cui
1156 1311 1330 1366 imperio
1366 1308 1469 1350 dum
1501 1306 1621 1350 obse-

130 1380 317 1431 quuntur
344 1378 459 1431 (295)
488 1379 598 1420 fama
626 1379 677 1420 ad
703 1380 913 1423 Didonem
938 1381 1142 1436 pervenit.
1202 1373 1392 1420 Graviter
1409 1373 1623 1417 invehitur

127 1445 174 1485 in
192 1445 396 1499 Aeneam,
425 1447 498 1500 qui
526 1447 677 1490 frustra
706 1461 753 1491 se
781 1451 957 1499 excusat
978 1461 1026 1491 ac
1044 1448 1252 1489 furentem
1271 1445 1433 1500 placare
1462 1440 1621 1492 studet3

129 1514 316 1554 maestus
346 1512 431 1554 abit
458 1516 583 1568 atque
611 1528 743 1558 naves
773 1517 848 1557 vix
876 1518 1128 1558 restauratas
1157 1511 1423 1556 deducendas
1450 1512 1591 1551 curat:

471 1580 610 1637 Teutm'
635 1583 859 1624 incumbam*
886 1590 922 1625 et
949 1583 1061 1625 litore
1087 1582 1206 1624 celsas

299 1646 492 1688 deducunt
519 1655 596 1689 toto
623 1651 744 1691 navis.
802 1657 914 1691 natat
941 1657 1057 1691 uncta
1085 1650 1224 1690 carim

287 1713 586 1770 frondentisque
605 1715 746 1770 ferunt
772 1731 899 1759 remos
926 1725 960 1758 et
986 1718 1130 1759 robora
1159 1710 1263 1757 silvie

294 1781 536 1837 infabricata
554 1782 684 1843 fitque
710 1784 849 1824 studio.

84 1875 86 1877 -
131 1862 276 1890 omnes
311 1849 363 1891 ad
390 1849 492 1890 litus
523 1854 745 1892 accurrunt
773 1854 814 1894 et
841 1852 998 1894 faciunt
1027 1851 1139 1906 quod
1170 1851 1365 1892 ultimum
1393 1847 1485 1889 fieri
1518 1845 1624 1888 solet

132 1916 168 1957 si
201 1916 348 1958 classis
386 1919 582 1961 avectura
619 1921 696 1972 est,
726 1922 1003 1961 commeatum
1028 1918 1250 1976 provident
1277 1917 1621 1970 frumentumque

64 2035 67 2036 ⁷
128 1984 174 2024 in
212 1996 343 2025 naves
385 1985 616 2027 conferunt.
676 1986 796 2036 Quod
832 2000 928 2029 cum
973 1987 1082 2029 Dido
1118 1999 1173 2029 ex
1210 1998 1303 2028 arce
1338 1984 1455 2027 urbis
1484 1982 1623 2025 videat

128 2050 240 2104 (410.
262 2051 362 2107 411)
386 2064 570 2108 cumque
597 2054 642 2094 in
672 2066 722 2095 eo
752 2066 846 2096 esse
874 2054 1102 2111 intellegat,
1130 2058 1178 2097 ut
1196 2052 1373 2096 ancorae
1394 2051 1622 2104 solvantur,

130 2118 229 2171 quia
256 2118 340 2159 iam
367 2119 460 2160 vela
488 2121 762 2163 intenduntur
791 2147 842 2152 -—
872 2136 911 2162 v.
935 2123 1015 2163 417
1046 2129 1155 2163 voeat
1181 2122 1264 2162 iam
1289 2121 1476 2161 carbasus
1501 2133 1623 2159 auras

130 2208 182 2213 —
213 2187 303 2226 tum
332 2185 384 2226 ad
413 2188 622 2228 extremas
651 2200 797 2243 preces
827 2189 1042 2231 descendit
1061 2191 1102 2231 et
1119 2201 1193 2244 per
1212 2189 1384 2229 Annam
1404 2186 1455 2228 ab
1475 2187 1623 2228 Aenea

128 2253 233 2307 petit
264 2248 432 2307 stempas
468 2254 599 2305 inane,
634 2256 729 2296 dam
761 2257 904 2298 victam
939 2258 1075 2298 doceat
1112 2257 1277 2307 fortuna
1316 2252 1479 2299 dolere‘.
1540 2252 1621 2296 Sed

129 2332 183 2361 ne
221 2320 300 2361 hoc
339 2316 509 2375 quidem
546 2323 758 2377 impetrat3
804 2326 929 2378 atque
968 2336 1082 2365 nune
1115 2313 1306 2366 Troianis
1344 2323 1486 2365 omnia
1524 2323 1623 2363 sunt

128 2388 328 2443 perfecta:
370 2389 517 2431 classis
553 2391 767 2446 instructa,
804 2392 898 2434 vela
933 2392 1055 2433 malis
1089 2392 1305 2443 adiuncta3
1347 2392 1621 2446 expectamus

129 2457 295 2510 postero
324 2456 493 2510 quidem
524 2458 610 2499 sole
636 2470 712 2499 eos
737 2458 921 2501 abituros
950 2471 1065 2513 esse3
1097 2471 1183 2501 non
1209 2458 1375 2501 abeunt.
1417 2457 1501 2499 Cur
1520 2469 1621 2510 non,

131 2524 285 2584 nescio.
346 2524 448 2566 Sine
487 2526 573 2566 ulla
610 2527 723 2567 enim
765 2539 892 2568 causa
932 2530 1148 2569 morantur
1183 2528 1284 2568 dum
1323 2539 1374 2567 ea
1407 2527 1622 2580 geruntur,
