1709 2978
695 118 972 168 2-38-

85 247 245 298 Quodsi
273 250 447 304 insuper
476 251 653 303 respicis
680 250 820 291 locum

217 316 250 370 Ι,
281 317 359 358 126
388 316 534 357 interea
564 331 708 370 maqno
737 316 892 357 misceri
918 329 1122 356 murmure
1146 321 1315 369 pontum
1397 316 1402 322 ’

388 383 642 438 emissamque
668 383 830 424 hiemem
856 383 972 424 sensit
1001 381 1212 437 Neptunus
1240 388 1273 423 et
1299 381 1388 422 imis

388 457 528 504 staqna
555 450 691 505 refusa
720 450 857 497 vadis‚·
884 450 1058 504 yraviter
1086 455 1295 490 commotus
1330 471 1372 477 —
1405 453 1440 487 et
1466 447 1545 488 alto

383 517 633 569 prospiciens
663 532 816 559 summa
841 516 1048 569 placidum
1077 523 1196 570 caput
1220 513 1351 556 extzdz't
1375 513 1485 554 unda

85 581 233 623 eadem
278 582 586 638 significatione
631 584 881 638 usurpatum
925 595 1020 624 esse
1063 582 1240 624 verbum
1271 581 1444 622 fortasse
1479 581 1582 622 mihi

84 650 316 692 concedes:

217 715 251 771 Ι,
283 717 364 759 360
394 717 454 759 Itis
483 726 674 760 commota
695 719 845 775 fuqam
880 718 989 759 Dido
1018 718 1212 775 sociosque
1233 717 1410 772 paravit.

86 783 340 840 Pygmalion
381 788 495 829 enim
538 787 718 834 Didonis
761 787 886 828 frater
926 785 1116 839 Sychaeo
1154 787 1246 827 eius
1287 787 1433 837 marito
1477 785 1583 827 clam

87 856 183 893 ante
212 866 304 895 aras
337 857 484 896 necato
515 867 697 896 sororem
727 853 866 895 scelus
896 852 1012 894 celat.
1074 852 1191 903 Quae
1211 854 1311 895 dum
1331 852 1435 894 nihil
1457 852 1585 894 verita

88 932 236 961 secura
273 922 317 961 in
355 921 570 975 regnando
599 933 877 975 perseverans
908 921 1038 961 vitam
1068 922 1166 975 agit,
1206 920 1342 962 subito
1372 932 1446 974 per
1476 931 1586 961 som-

88 1000 193 1028 num
222 988 446 1043 coniugem
475 989 635 1043 aspicit,
663 991 735 1043 qui
764 987 943 1043 pallidus
974 989 1014 1028 et
1043 990 1189 1041 pectus
1214 987 1349 1041 gladio
1369 987 1584 1027 traiectum

87 1053 254 1094 nudans
295 1053 459 1096 facinus
497 1055 690 1109 patefacit
725 1058 849 1109 atque
892 1055 1017 1094 uxori
1058 1054 1201 1108 fugam
1240 1053 1395 1096 suadet.
1461 1049 1617 1094 Nunc'

87 1121 224 1175 pergit
252 1124 398 1174 poeta:
427 1117 510 1163 ‘his
540 1126 747 1164 commota
765 1119 890 1164 Dido’
927 1122 971 1162 id
992 1123 1056 1161 est
1080 1116 1165 1161 ‘his
1184 1133 1207 1161 e
1229 1121 1369 1175 quiete
1389 1118 1578 1161 excitata’

88 1200 174 1228 non
208 1183 291 1228 ‘his
332 1188 541 1231 adducta‘.
615 1190 841 1244 Participia
875 1184 1024 1241 ‘actus,
1065 1188 1282 1240 adductus,
1324 1186 1579 1242 compulsus'

90 1266 256 1309 semper
280 1267 400 1297 suam
430 1258 519 1298 vim
548 1260 757 1313 propriam
785 1269 884 1312 prae
915 1268 960 1297 se
989 1255 1138 1298 ferunt.
1185 1256 1235 1297 cf.
1256 1255 1290 1309 Ι,
1312 1256 1375 1296 32.
1399 1254 1474 1309 VI,
1494 1256 1586 1296 532.

89 1321 184 1375 VH,
218 1322 308 1364 199.
341 1325 434 1365 223.
468 1324 525 1377 Χ,
556 1325 647 1366 380.
677 1325 711 1378 Ι,
742 1325 833 1365 575.

67 1396 71 1399 ’
203 1388 393 1431 Eandem
435 1393 643 1433 sermonis
683 1393 941 1448 gravitatem,
992 1403 1118 1444 quam
1156 1389 1369 1445 Vergilius
1409 1388 1588 1431 ablativo

92 1456 180 1498 solo
220 1456 358 1511 efficit,
386 1460 510 1500 etiam
555 1461 794 1514 assequitur
823 1460 934 1500 hunc
964 1458 1195 1500 ablativum
1223 1470 1309 1498 non
1339 1470 1434 1498 cum
1462 1458 1590 1511 parti-

90 1524 201 1577 cipio
242 1524 316 1565 sed
349 1537 446 1567 cum
477 1526 683 1567 adiectivo
711 1529 906 1582 iungens
967 1526 1076 1573 Nam
1108 1525 1377 1580 participium
1407 1525 1443 1565 si
1470 1526 1588 1566 inve-

91 1591 217 1644 nitur,
255 1594 417 1634 tantum
451 1595 647 1635 certiores
691 1594 817 1636 fimus
861 1593 1019 1648 aliquid
1060 1592 1262 1634 accidisse
1290 1591 1357 1633 vel
1390 1591 1588 1645 accidere,

91 1656 344 1699 adiectivum
375 1661 411 1701 si
437 1661 632 1716 legimus,
662 1661 855 1703 videmus
881 1660 923 1701 id
951 1660 1062 1715 quod
1089 1659 1136 1701 fit
1167 1661 1289 1714 quasi
1319 1661 1414 1701 ante
1445 1660 1587 1701 oculos

91 1727 300 1779 positum;
345 1729 432 1769 illic
468 1741 596 1770 causa
634 1732 825 1771 narratur
860 1729 927 1769 hic
968 1728 1106 1769 elucet
1146 1728 1328 1768 effectus.
1394 1728 1588 1782 Exempli

92 1806 220 1835 causa
263 1796 305 1852 si,
343 1796 442 1838 dicit
482 1799 603 1851 poeta
634 1792 790 1839 ‘Pelias
829 1796 1001 1837 volnere
1043 1795 1184 1836 Ulixis
1222 1793 1418 1837 tardatus’
1464 1795 1587 1837 modo

93 1863 251 1904 scimus
279 1862 441 1906 Peliam
470 1863 521 1906 ab
546 1864 674 1906 Ulixe
704 1865 967 1906 volneratum
996 1876 1044 1904 ac
1073 1862 1233 1904 sessum
1262 1863 1411 1916 esse1),
1442 1863 1515 1904 sed

204 1928 258 1983 ΙΙ,
290 1930 372 1971 436
653 1945 819 1985 quorum
847 1930 1002 1984 Iphitus
1031 1944 1123 1971 aevo

400 1999 482 2038 iam
508 1999 681 2051 9mvior,
710 1997 841 2037 Pelias
870 2005 903 2038 et
932 1998 1085 2039 volnere
1113 1997 1252 2037 tardus
1288 1986 1411 2046 Ulixi}

92 2063 286 2106 videmus
316 2064 476 2106 Peliam
505 2066 676 2106 volnere
716 2065 916 2106 afflictum
956 2064 1070 2107 tarde
1113 2078 1187 2119 per
1220 2066 1312 2106 vias
1348 2077 1393 2106 se
1426 2065 1589 2107 trahen-

92 2135 189 2173 tem.
250 2124 339 2174 Tal'i
371 2132 537 2174 dicendi
567 2144 721 2187 genere
747 2132 959 2188 Vergilius
991 2134 1159 2187 saepius
1192 2133 1339 2174 utitur:

206 2199 260 2252 V,
290 2200 371 2240 275
396 2235 398 2238 .
653 2233 662 2241 .
694 2233 703 2241 .
733 2233 742 2242 .
772 2216 929 2255 serpens

400 2283 516 2310 aerea
543 2284 655 2324 quem
685 2269 851 2310 oblicum
876 2275 964 2309 rota
992 2267 1132 2308 transit
1158 2273 1226 2306 aut
1252 2268 1384 2321 yravis
1411 2269 1488 2309 ictu

400 2338 624 2378 seminecem
653 2337 765 2392 liquit
793 2351 888 2377 saxo
919 2336 1166 2389 lacerumque
1189 2335 1314 2376 viator

97 2427 139 2438 =
171 2417 274 2446 saxo
302 2405 553 2456 laceratum;

190 2553 225 2593 l.)
252 2552 297 2586 cf.
321 2551 405 2593 XII,
431 2551 498 2586 746
521 2548 641 2593 'yenua
666 2552 805 2584 tardata
830 2548 977 2594 sayitta'.
