<?xml version="1.0" encoding="UTF-8"?>
<!DOCTYPE html PUBLIC "-//W3C//DTD XHTML 1.0 Transitional//EN"
    "http://www.w3.org/TR/xhtml1/DTD/xhtml1-transitional.dtd">
<html xmlns="http://www.w3.org/1999/xhtml" xml:lang="en" lang="en">
 <head>
  <title>
</title>
<meta http-equiv="Content-Type" content="text/html;charset=utf-8" />
  <meta name='ocr-system' content='tesseract 3.04.00' />
  <meta name='ocr-capabilities' content='ocr_page ocr_carea ocr_par ocr_line ocrx_word'/>
</head>
<body>
  <div class='ocr_page' id='page_1' title='image "4737840_0065.png"; bbox 0 0 1709 2978; ppageno 0'>
   <div class='ocr_carea' id='block_1_1' title="bbox 705 92 980 133">
    <p class='ocr_par' dir='ltr' id='par_1_1' title="bbox 705 92 980 133">
     <span class='ocr_line' id='line_1_1' title="bbox 705 92 980 133; baseline -0.004 -11"><span class='ocrx_word' id='word_1_1' title='bbox 705 92 980 133; x_wconf 70' lang='grc'>..54-</span> 
     </span>
    </p>
   </div>
   <div class='ocr_carea' id='block_1_2' title="bbox 92 212 1601 2143">
    <p class='ocr_par' dir='ltr' id='par_1_2' title="bbox 147 212 1422 336">
     <span class='ocr_line' id='line_1_2' title="bbox 149 212 1422 268; baseline 0 -14"><span class='ocrx_word' id='word_1_2' title='bbox 149 213 221 268; x_wconf 89' lang='lat' dir='ltr'><em>VI,</em></span> <span class='ocrx_word' id='word_1_3' title='bbox 236 214 318 257; x_wconf 81' lang='grc'><em>660</em></span> <span class='ocrx_word' id='word_1_4' title='bbox 337 233 380 246; x_wconf 84' lang='lat'><strong>=</strong></span> <span class='ocrx_word' id='word_1_5' title='bbox 402 212 495 267; x_wconf 86' lang='lat' dir='ltr'>VII,</span> <span class='ocrx_word' id='word_1_6' title='bbox 512 214 592 257; x_wconf 82' lang='lat'><em>182</em></span> <span class='ocrx_word' id='word_1_7' title='bbox 621 214 669 255; x_wconf 81' lang='lat' dir='ltr'><em>ob</em></span> <span class='ocrx_word' id='word_1_8' title='bbox 687 214 872 267; x_wconf 74' lang='lat' dir='ltr'><em>patriam</em></span> <span class='ocrx_word' id='word_1_9' title='bbox 888 215 1106 268; x_wconf 75' lang='lat' dir='ltr'><em>puqnando</em></span> <span class='ocrx_word' id='word_1_10' title='bbox 1125 214 1283 256; x_wconf 79' lang='lat' dir='ltr'><em>volnera</em></span> <span class='ocrx_word' id='word_1_11' title='bbox 1298 214 1422 266; x_wconf 77' lang='lat' dir='ltr'><em>passi.</em></span> 
     </span>
     <span class='ocr_line' id='line_1_3' title="bbox 147 279 1353 336; baseline -0.002 -13"><span class='ocrx_word' id='word_1_12' title='bbox 147 281 226 335; x_wconf 88' lang='grc' dir='ltr'><em>ΠΙ,</em></span> <span class='ocrx_word' id='word_1_13' title='bbox 247 281 327 322; x_wconf 81' lang='grc'><em>670</em></span> <span class='ocrx_word' id='word_1_14' title='bbox 355 293 424 320; x_wconf 80' lang='lat' dir='ltr'><em>nec</em></span> <span class='ocrx_word' id='word_1_15' title='bbox 444 279 554 333; x_wconf 68' lang='lat' dir='ltr'><em>poti-⁹</em></span> <span class='ocrx_word' id='word_1_16' title='bbox 583 279 716 321; x_wconf 79' lang='lat' dir='ltr'><em>Ionios</em></span> <span class='ocrx_word' id='word_1_17' title='bbox 733 279 883 336; x_wconf 80' lang='lat' dir='ltr'><em>fluctus</em></span> <span class='ocrx_word' id='word_1_18' title='bbox 907 294 1081 335; x_wconf 73' lang='lat' dir='ltr'><em>aequare</em></span> <span class='ocrx_word' id='word_1_19' title='bbox 1108 280 1300 336; x_wconf 78' lang='lat' dir='ltr'><em>sequendo</em></span> <span class='ocrx_word' id='word_1_20' title='bbox 1312 281 1353 333; x_wconf 81' lang='lat'><em>¹).</em></span> 
     </span>
    </p>

    <p class='ocr_par' dir='ltr' id='par_1_3' title="bbox 92 346 1594 874">
     <span class='ocr_line' id='line_1_4' title="bbox 203 346 1590 402; baseline -0.001 -12"><span class='ocrx_word' id='word_1_21' title='bbox 203 347 294 390; x_wconf 78' lang='lat' dir='ltr'><em>Iam</em></span> <span class='ocrx_word' id='word_1_22' title='bbox 337 346 644 390; x_wconf 71' lang='lat' dir='ltr'><em>transeundum</em></span> <span class='ocrx_word' id='word_1_23' title='bbox 689 346 739 388; x_wconf 80' lang='lat' dir='ltr'><em>ad</em></span> <span class='ocrx_word' id='word_1_24' title='bbox 786 346 1046 402; x_wconf 54' lang='lat' dir='ltr'><em>sociativum⁴</em></span> <span class='ocrx_word' id='word_1_25' title='bbox 1081 346 1343 390; x_wconf 79' lang='lat' dir='ltr'><em>substantivo</em></span> <span class='ocrx_word' id='word_1_26' title='bbox 1385 347 1590 398; x_wconf 78' lang='lat' dir='ltr'><em>iunctum,</em></span> 
     </span>
     <span class='ocr_line' id='line_1_5' title="bbox 92 412 1589 471; baseline -0.003 -13"><span class='ocrx_word' id='word_1_27' title='bbox 92 419 218 471; x_wconf 80' lang='lat' dir='ltr'><em>atque</em></span> <span class='ocrx_word' id='word_1_28' title='bbox 246 414 458 470; x_wconf 80' lang='lat' dir='ltr'><em>agendum</em></span> <span class='ocrx_word' id='word_1_29' title='bbox 486 413 610 457; x_wconf 81' lang='lat' dir='ltr'><em>nobis</em></span> <span class='ocrx_word' id='word_1_30' title='bbox 638 414 847 468; x_wconf 86' lang='lat' dir='ltr'><strong>imprimis</strong></span> <span class='ocrx_word' id='word_1_31' title='bbox 877 413 928 455; x_wconf 85' lang='lat' dir='ltr'><em>de</em></span> <span class='ocrx_word' id='word_1_32' title='bbox 957 425 1060 456; x_wconf 83' lang='lat' dir='ltr'><em>casu</em></span> <span class='ocrx_word' id='word_1_33' title='bbox 1092 415 1167 469; x_wconf 88' lang='lat' dir='ltr'><em>qui</em></span> <span class='ocrx_word' id='word_1_34' title='bbox 1196 414 1347 456; x_wconf 82' lang='lat' dir='ltr'><em>dieitur</em></span> <span class='ocrx_word' id='word_1_35' title='bbox 1364 412 1589 468; x_wconf 71' lang='lat' dir='ltr'><em>qualitatis·</em></span> 
     </span>
     <span class='ocr_line' id='line_1_6' title="bbox 93 481 1593 536; baseline -0.002 -10"><span class='ocrx_word' id='word_1_36' title='bbox 93 481 189 526; x_wconf 88' lang='lat' dir='ltr'><em>Duo</em></span> <span class='ocrx_word' id='word_1_37' title='bbox 221 484 363 524; x_wconf 82' lang='lat' dir='ltr'><em>autem</em></span> <span class='ocrx_word' id='word_1_38' title='bbox 392 484 493 525; x_wconf 85' lang='lat' dir='ltr'><em>sunt</em></span> <span class='ocrx_word' id='word_1_39' title='bbox 524 482 617 524; x_wconf 87' lang='lat' dir='ltr'><em>oius</em></span> <span class='ocrx_word' id='word_1_40' title='bbox 645 493 825 536; x_wconf 79' lang='lat' dir='ltr'><em>genera:</em></span> <span class='ocrx_word' id='word_1_41' title='bbox 857 484 941 534; x_wconf 79' lang='lat' dir='ltr'><em>aut,</em></span> <span class='ocrx_word' id='word_1_42' title='bbox 969 481 1012 523; x_wconf 92' lang='lat' dir='ltr'><em>id</em></span> <span class='ocrx_word' id='word_1_43' title='bbox 1042 482 1155 536; x_wconf 90' lang='lat' dir='ltr'><em>quod</em></span> <span class='ocrx_word' id='word_1_44' title='bbox 1185 482 1367 536; x_wconf 81' lang='lat' dir='ltr'><strong>simplex</strong></span> <span class='ocrx_word' id='word_1_45' title='bbox 1399 483 1476 534; x_wconf 83' lang='lat' dir='ltr'><em>est,</em></span> <span class='ocrx_word' id='word_1_46' title='bbox 1507 481 1593 523; x_wconf 73' lang='lat' dir='ltr'><em>iam</em></span> 
     </span>
     <span class='ocr_line' id='line_1_7' title="bbox 95 544 1592 605; baseline -0.003 -13"><span class='ocrx_word' id='word_1_47' title='bbox 95 544 357 593; x_wconf 57' lang='lat' dir='ltr'><em>substantivo</em></span> <span class='ocrx_word' id='word_1_48' title='bbox 389 548 568 605; x_wconf 76' lang='lat' dir='ltr'><strong>qualitas</strong></span> <span class='ocrx_word' id='word_1_49' title='bbox 597 548 784 591; x_wconf 75' lang='lat' dir='ltr'><em>alicuius&#39;</em></span> <span class='ocrx_word' id='word_1_50' title='bbox 806 548 868 590; x_wconf 82' lang='lat' dir='ltr'><em>rei</em></span> <span class='ocrx_word' id='word_1_51' title='bbox 888 548 1152 602; x_wconf 84' lang='lat' dir='ltr'>exprimitur,</span> <span class='ocrx_word' id='word_1_52' title='bbox 1181 550 1251 590; x_wconf 84' lang='lat' dir='ltr'><em>ut:</em></span> <span class='ocrx_word' id='word_1_53' title='bbox 1277 544 1592 603; x_wconf 52' lang='lat' dir='ltr'><em>‘homossmagno</em></span> 
     </span>
     <span class='ocr_line' id='line_1_8' title="bbox 93 614 1594 672; baseline -0.001 -13"><span class='ocrx_word' id='word_1_54' title='bbox 93 619 279 672; x_wconf 81' lang='lat' dir='ltr'><em>ingenio,</em></span> <span class='ocrx_word' id='word_1_55' title='bbox 310 617 470 657; x_wconf 79' lang='lat' dir='ltr'><em>eximia</em></span> <span class='ocrx_word' id='word_1_56' title='bbox 497 614 725 668; x_wconf 81' lang='lat' dir='ltr'><em>eomitate&#39;,</em></span> <span class='ocrx_word' id='word_1_57' title='bbox 755 618 827 657; x_wconf 81' lang='lat' dir='ltr'><em>aut</em></span> <span class='ocrx_word' id='word_1_58' title='bbox 850 616 1022 656; x_wconf 83' lang='lat' dir='ltr'><strong>demum</strong></span> <span class='ocrx_word' id='word_1_59' title='bbox 1052 621 1092 657; x_wconf 83' lang='lat' dir='ltr'><em>et</em></span> <span class='ocrx_word' id='word_1_60' title='bbox 1111 617 1320 658; x_wconf 83' lang='lat' dir='ltr'><em>adiectivo</em></span> <span class='ocrx_word' id='word_1_61' title='bbox 1338 619 1380 658; x_wconf 81' lang='lat' dir='ltr'><em>et</em></span> <span class='ocrx_word' id='word_1_62' title='bbox 1400 614 1594 658; x_wconf 79' lang='lat' dir='ltr'><em>substan-</em></span> 
     </span>
     <span class='ocr_line' id='line_1_9' title="bbox 93 678 1593 739; baseline -0.003 -13"><span class='ocrx_word' id='word_1_63' title='bbox 93 685 179 726; x_wconf 79' lang='lat' dir='ltr'><em>tivo</em></span> <span class='ocrx_word' id='word_1_64' title='bbox 200 682 394 736; x_wconf 81' lang='lat' dir='ltr'><em>efficitur,</em></span> <span class='ocrx_word' id='word_1_65' title='bbox 423 685 493 724; x_wconf 83' lang='lat' dir='ltr'><em>ut:</em></span> <span class='ocrx_word' id='word_1_66' title='bbox 518 678 692 725; x_wconf 82' lang='lat' dir='ltr'><em>‘femina</em></span> <span class='ocrx_word' id='word_1_67' title='bbox 720 682 894 737; x_wconf 86' lang='lat' dir='ltr'><strong>pulchra</strong></span> <span class='ocrx_word' id='word_1_68' title='bbox 921 685 1054 737; x_wconf 82' lang='lat' dir='ltr'><em>veste,</em></span> <span class='ocrx_word' id='word_1_69' title='bbox 1083 684 1215 739; x_wconf 85' lang='lat' dir='ltr'><em>nigris</em></span> <span class='ocrx_word' id='word_1_70' title='bbox 1234 680 1453 725; x_wconf 82' lang='lat' dir='ltr'><em>crinibus‘.</em></span> <span class='ocrx_word' id='word_1_71' title='bbox 1511 679 1593 723; x_wconf 86' lang='lat' dir='ltr'><em>Hic</em></span> 
     </span>
     <span class='ocr_line' id='line_1_10' title="bbox 94 748 1594 806; baseline -0.003 -13"><span class='ocrx_word' id='word_1_72' title='bbox 94 764 219 793; x_wconf 83' lang='lat' dir='ltr'><em>casus</em></span> <span class='ocrx_word' id='word_1_73' title='bbox 257 753 484 806; x_wconf 81' lang='lat' dir='ltr'><em>usurpatur</em></span> <span class='ocrx_word' id='word_1_74' title='bbox 525 754 571 791; x_wconf 85' lang='lat' dir='ltr'><em>ut</em></span> <span class='ocrx_word' id='word_1_75' title='bbox 613 754 749 803; x_wconf 81' lang='lat' dir='ltr'><em>antea,</em></span> <span class='ocrx_word' id='word_1_76' title='bbox 792 752 829 791; x_wconf 87' lang='lat' dir='ltr'><em>si</em></span> <span class='ocrx_word' id='word_1_77' title='bbox 868 751 920 791; x_wconf 82' lang='lat' dir='ltr'><em>de</em></span> <span class='ocrx_word' id='word_1_78' title='bbox 961 752 1132 804; x_wconf 83' lang='lat' dir='ltr'><em>vestitu,</em></span> <span class='ocrx_word' id='word_1_79' title='bbox 1169 752 1351 805; x_wconf 84' lang='lat' dir='ltr'><em>corporis</em></span> <span class='ocrx_word' id='word_1_80' title='bbox 1391 748 1594 804; x_wconf 77' lang='lat' dir='ltr'><em>partibus,</em></span> 
     </span>
     <span class='ocr_line' id='line_1_11' title="bbox 95 819 416 874; baseline -0.009 -12"><span class='ocrx_word' id='word_1_81' title='bbox 95 820 224 862; x_wconf 82' lang='lat' dir='ltr'><em>armis</em></span> <span class='ocrx_word' id='word_1_82' title='bbox 255 819 416 874; x_wconf 83' lang='lat' dir='ltr'><strong>agitur:</strong></span> 
     </span>
    </p>

    <p class='ocr_par' dir='ltr' id='par_1_4' title="bbox 99 883 1594 1807">
     <span class='ocr_line' id='line_1_12' title="bbox 151 883 1509 940; baseline -0.004 -11"><span class='ocrx_word' id='word_1_83' title='bbox 151 887 260 930; x_wconf 88' lang='lat' dir='ltr'><strong>Enn.</strong></span> <span class='ocrx_word' id='word_1_84' title='bbox 294 899 391 928; x_wconf 82' lang='lat' dir='ltr'><em>ann.</em></span> <span class='ocrx_word' id='word_1_85' title='bbox 424 886 506 926; x_wconf 89' lang='lat'><em>304</em></span> <span class='ocrx_word' id='word_1_86' title='bbox 534 883 699 924; x_wconf 80' lang='lat' dir='ltr'><em>additur</em></span> <span class='ocrx_word' id='word_1_87' title='bbox 729 884 932 926; x_wconf 81' lang='lat' dir='ltr'><em>Cornelius</em></span> <span class='ocrx_word' id='word_1_88' title='bbox 961 893 1096 927; x_wconf 83' lang='lat' dir='ltr'><em>orator</em></span> <span class='ocrx_word' id='word_1_89' title='bbox 1124 885 1405 940; x_wconf 70' lang='lat' dir='ltr'><em>suaviloquenti</em></span> <span class='ocrx_word' id='word_1_90' title='bbox 1432 897 1509 925; x_wconf 76' lang='lat' dir='ltr'><em>ore.</em></span> 
     </span>
     <span class='ocr_line' id='line_1_13' title="bbox 263 951 1508 1010; baseline -0.004 -14"><span class='ocrx_word' id='word_1_91' title='bbox 263 958 394 1010; x_wconf 76' lang='lat' dir='ltr'><em>tragg.</em></span> <span class='ocrx_word' id='word_1_92' title='bbox 424 953 503 994; x_wconf 87' lang='lat'><em>183</em></span> <span class='ocrx_word' id='word_1_93' title='bbox 532 951 666 993; x_wconf 81' lang='lat' dir='ltr'><em>Erebo</em></span> <span class='ocrx_word' id='word_1_94' title='bbox 695 959 827 992; x_wconf 80' lang='lat' dir='ltr'><em>creata</em></span> <span class='ocrx_word' id='word_1_95' title='bbox 844 952 974 1007; x_wconf 73' lang='lat' dir='ltr'><em>fuscis</em></span> <span class='ocrx_word' id='word_1_96' title='bbox 1002 953 1172 994; x_wconf 82' lang='lat' dir='ltr'><em>crinibus</em></span> <span class='ocrx_word' id='word_1_97' title='bbox 1198 968 1278 994; x_wconf 69' lang='lat' dir='ltr'><em>nox</em></span> <span class='ocrx_word' id='word_1_98' title='bbox 1305 960 1339 994; x_wconf 84' lang='lat' dir='ltr'><em>te</em></span> <span class='ocrx_word' id='word_1_99' title='bbox 1364 952 1508 993; x_wconf 81' lang='lat' dir='ltr'><em>invoco.</em></span> 
     </span>
     <span class='ocr_line' id='line_1_14' title="bbox 292 1019 1444 1074; baseline -0.003 -12"><span class='ocrx_word' id='word_1_100' title='bbox 292 1020 388 1062; x_wconf 85' lang='lat' dir='ltr'><em>Pac.</em></span> <span class='ocrx_word' id='word_1_101' title='bbox 476 1021 501 1060; x_wconf 84' lang='lat'><strong>2</strong></span> <span class='ocrx_word' id='word_1_102' title='bbox 531 1019 759 1074; x_wconf 76' lang='lat' dir='ltr'><strong><em>quadrupes</em></strong></span> <span class='ocrx_word' id='word_1_103' title='bbox 785 1019 912 1072; x_wconf 83' lang='lat' dir='ltr'><em>capite</em></span> <span class='ocrx_word' id='word_1_104' title='bbox 941 1019 1059 1070; x_wconf 82' lang='lat' dir='ltr'><em>brevi,</em></span> <span class='ocrx_word' id='word_1_105' title='bbox 1089 1021 1231 1062; x_wconf 83' lang='lat' dir='ltr'><em>cervice</em></span> <span class='ocrx_word' id='word_1_106' title='bbox 1260 1019 1444 1074; x_wconf 69' lang='lat' dir='ltr'><em>anquina.</em></span> 
     </span>
     <span class='ocr_line' id='line_1_15' title="bbox 294 1086 1594 1142; baseline -0.005 -12"><span class='ocrx_word' id='word_1_107' title='bbox 294 1090 391 1130; x_wconf 84' lang='lat' dir='ltr'><em>Ace.</em></span> <span class='ocrx_word' id='word_1_108' title='bbox 451 1087 503 1128; x_wconf 89' lang='lat'><em>86</em></span> <span class='ocrx_word' id='word_1_109' title='bbox 534 1101 729 1142; x_wconf 80' lang='lat' dir='ltr'><em>quaenam</em></span> <span class='ocrx_word' id='word_1_110' title='bbox 763 1086 857 1127; x_wconf 77' lang='lat' dir='ltr'><em>haec</em></span> <span class='ocrx_word' id='word_1_111' title='bbox 896 1087 1037 1127; x_wconf 81' lang='lat' dir='ltr'><em>mulier</em></span> <span class='ocrx_word' id='word_1_112' title='bbox 1075 1093 1129 1128; x_wconf 85' lang='lat' dir='ltr'><em>est</em></span> <span class='ocrx_word' id='word_1_113' title='bbox 1147 1087 1309 1141; x_wconf 80' lang='lat' dir='ltr'><em>funesta</em></span> <span class='ocrx_word' id='word_1_114' title='bbox 1336 1093 1445 1135; x_wconf 86' lang='lat' dir='ltr'><em>veste,</em></span> <span class='ocrx_word' id='word_1_115' title='bbox 1483 1091 1594 1125; x_wconf 83' lang='lat' dir='ltr'><em>tonsu</em></span> 
     </span>
     <span class='ocr_line' id='line_1_16' title="bbox 275 1211 1205 1265; baseline -0.002 -11"><span class='ocrx_word' id='word_1_116' title='bbox 275 1213 358 1255; x_wconf 83' lang='lat' dir='ltr'><em>Cat.</em></span> <span class='ocrx_word' id='word_1_117' title='bbox 392 1213 460 1265; x_wconf 85' lang='lat'><em>28,</em></span> <span class='ocrx_word' id='word_1_118' title='bbox 487 1213 512 1252; x_wconf 87' lang='grc'>2</span> <span class='ocrx_word' id='word_1_119' title='bbox 544 1211 700 1252; x_wconf 75' lang='lat' dir='ltr'><em>Pisonis</em></span> <span class='ocrx_word' id='word_1_120' title='bbox 729 1212 882 1253; x_wconf 77' lang='lat' dir='ltr'><em>comites</em></span> <span class='ocrx_word' id='word_1_121' title='bbox 914 1212 1049 1253; x_wconf 78' lang='lat' dir='ltr'><em>cohors</em></span> <span class='ocrx_word' id='word_1_122' title='bbox 1076 1212 1205 1253; x_wconf 82' lang='lat' dir='ltr'><em>inanis</em></span> 
     </span>
     <span class='ocr_line' id='line_1_17' title="bbox 547 1279 1180 1332; baseline 0.002 -14"><span class='ocrx_word' id='word_1_123' title='bbox 547 1279 653 1331; x_wconf 82' lang='lat' dir='ltr'><em>aptis</em></span> <span class='ocrx_word' id='word_1_124' title='bbox 679 1280 887 1321; x_wconf 80' lang='lat' dir='ltr'><em>sarcinulis</em></span> <span class='ocrx_word' id='word_1_125' title='bbox 916 1287 950 1320; x_wconf 84' lang='lat' dir='ltr'><em>et</em></span> <span class='ocrx_word' id='word_1_126' title='bbox 979 1279 1180 1332; x_wconf 60' lang='lat' dir='ltr'><em>expeditis.</em></span> 
     </span>
     <span class='ocr_line' id='line_1_18' title="bbox 390 1346 1137 1401; baseline 0.003 -15"><span class='ocrx_word' id='word_1_127' title='bbox 390 1347 458 1400; x_wconf 91' lang='lat'><em>41,</em></span> <span class='ocrx_word' id='word_1_128' title='bbox 491 1346 516 1386; x_wconf 89' lang='lat'><strong>3</strong></span> <span class='ocrx_word' id='word_1_129' title='bbox 544 1346 620 1386; x_wconf 80' lang='lat' dir='ltr'><em>ista</em></span> <span class='ocrx_word' id='word_1_130' title='bbox 648 1346 844 1400; x_wconf 71' lang='lat' dir='ltr'><em>mrpimclo</em></span> <span class='ocrx_word' id='word_1_131' title='bbox 863 1347 1003 1401; x_wconf 81' lang='lat' dir='ltr'><em>puella</em></span> <span class='ocrx_word' id='word_1_132' title='bbox 1029 1361 1137 1388; x_wconf 88' lang='lat' dir='ltr'><em>naso.</em></span> 
     </span>
     <span class='ocr_line' id='line_1_19' title="bbox 391 1413 1210 1468; baseline 0 -14"><span class='ocrx_word' id='word_1_133' title='bbox 391 1414 460 1465; x_wconf 86' lang='lat'><em>43,</em></span> <span class='ocrx_word' id='word_1_134' title='bbox 492 1414 511 1453; x_wconf 93' lang='lat'>1</span> <span class='ocrx_word' id='word_1_135' title='bbox 544 1413 651 1453; x_wconf 83' lang='lat' dir='ltr'><em>salve</em></span> <span class='ocrx_word' id='word_1_136' title='bbox 674 1427 743 1453; x_wconf 86' lang='lat' dir='ltr'><em>nec</em></span> <span class='ocrx_word' id='word_1_137' title='bbox 766 1415 928 1455; x_wconf 85' lang='lat' dir='ltr'><em>minimo</em></span> <span class='ocrx_word' id='word_1_138' title='bbox 948 1415 1087 1468; x_wconf 81' lang='lat' dir='ltr'><em>puella</em></span> <span class='ocrx_word' id='word_1_139' title='bbox 1115 1429 1210 1454; x_wconf 84' lang='lat' dir='ltr'><em>naso</em></span> 
     </span>
     <span class='ocr_line' id='line_1_20' title="bbox 544 1479 1267 1537; baseline 0.004 -17"><span class='ocrx_word' id='word_1_140' title='bbox 544 1493 611 1520; x_wconf 87' lang='lat' dir='ltr'><em>nec</em></span> <span class='ocrx_word' id='word_1_141' title='bbox 639 1479 736 1521; x_wconf 81' lang='lat' dir='ltr'><em>bello</em></span> <span class='ocrx_word' id='word_1_142' title='bbox 759 1481 865 1534; x_wconf 79' lang='lat' dir='ltr'><em>pede</em></span> <span class='ocrx_word' id='word_1_143' title='bbox 892 1495 960 1522; x_wconf 81' lang='lat' dir='ltr'><em>nec</em></span> <span class='ocrx_word' id='word_1_144' title='bbox 987 1481 1111 1537; x_wconf 77' lang='lat' dir='ltr'><em>niyris</em></span> <span class='ocrx_word' id='word_1_145' title='bbox 1140 1481 1267 1523; x_wconf 78' lang='lat' dir='ltr'><em>ocellis</em></span> 
     </span>
     <span class='ocr_line' id='line_1_21' title="bbox 544 1547 1241 1603; baseline 0.006 -16"><span class='ocrx_word' id='word_1_146' title='bbox 544 1562 612 1588; x_wconf 83' lang='lat' dir='ltr'><em>nec</em></span> <span class='ocrx_word' id='word_1_147' title='bbox 641 1547 765 1602; x_wconf 75' lang='lat' dir='ltr'><em>lonyis</em></span> <span class='ocrx_word' id='word_1_148' title='bbox 793 1549 924 1603; x_wconf 68' lang='lat' dir='ltr'><em>diyitis</em></span> <span class='ocrx_word' id='word_1_149' title='bbox 953 1564 1021 1591; x_wconf 87' lang='lat' dir='ltr'><em>nec</em></span> <span class='ocrx_word' id='word_1_150' title='bbox 1049 1565 1116 1591; x_wconf 86' lang='lat' dir='ltr'><em>ore</em></span> <span class='ocrx_word' id='word_1_151' title='bbox 1143 1551 1241 1591; x_wconf 82' lang='lat' dir='ltr'><em>siooo</em></span> 
     </span>
     <span class='ocr_line' id='line_1_22' title="bbox 547 1616 1246 1672; baseline 0.004 -18"><span class='ocrx_word' id='word_1_152' title='bbox 547 1629 615 1656; x_wconf 83' lang='lat' dir='ltr'><em>neo</em></span> <span class='ocrx_word' id='word_1_153' title='bbox 643 1629 736 1656; x_wconf 87' lang='lat' dir='ltr'><em>sane</em></span> <span class='ocrx_word' id='word_1_154' title='bbox 762 1616 879 1657; x_wconf 85' lang='lat' dir='ltr'><em>nimis</em></span> <span class='ocrx_word' id='word_1_155' title='bbox 908 1617 1076 1671; x_wconf 75' lang='lat' dir='ltr'><em>eleyante</em></span> <span class='ocrx_word' id='word_1_156' title='bbox 1100 1618 1246 1672; x_wconf 74' lang='lat' dir='ltr'><em>linqua.</em></span> 
     </span>
     <span class='ocr_line' id='line_1_23' title="bbox 99 1684 426 1725; baseline -0.003 0"><span class='ocrx_word' id='word_1_157' title='bbox 99 1684 251 1725; x_wconf 81' lang='lat' dir='ltr'><em>dicitur</em></span> <span class='ocrx_word' id='word_1_158' title='bbox 280 1684 426 1724; x_wconf 81' lang='lat' dir='ltr'><em>etiam:</em></span> 
     </span>
     <span class='ocr_line' id='line_1_24' title="bbox 156 1750 1054 1807; baseline 0.001 -16"><span class='ocrx_word' id='word_1_159' title='bbox 156 1750 265 1791; x_wconf 87' lang='lat' dir='ltr'><em>Enn.</em></span> <span class='ocrx_word' id='word_1_160' title='bbox 297 1762 394 1790; x_wconf 83' lang='lat' dir='ltr'><em>ann.</em></span> <span class='ocrx_word' id='word_1_161' title='bbox 427 1750 508 1791; x_wconf 87' lang='lat'><em>564</em></span> <span class='ocrx_word' id='word_1_162' title='bbox 538 1765 649 1791; x_wconf 84' lang='lat' dir='ltr'><em>mare</em></span> <span class='ocrx_word' id='word_1_163' title='bbox 677 1752 896 1807; x_wconf 72' lang='lat' dir='ltr'><em>saxifrayis</em></span> <span class='ocrx_word' id='word_1_164' title='bbox 924 1752 1054 1792; x_wconf 82' lang='lat' dir='ltr'><em>undis.</em></span> 
     </span>
    </p>

    <p class='ocr_par' dir='ltr' id='par_1_5' title="bbox 99 1815 1601 2143">
     <span class='ocr_line' id='line_1_25' title="bbox 209 1815 1556 1874; baseline 0 -17"><span class='ocrx_word' id='word_1_165' title='bbox 209 1815 292 1857; x_wconf 85' lang='lat' dir='ltr'><em>Cat.</em></span> <span class='ocrx_word' id='word_1_166' title='bbox 328 1816 395 1869; x_wconf 89' lang='lat'><em>64,</em></span> <span class='ocrx_word' id='word_1_167' title='bbox 426 1818 506 1857; x_wconf 88' lang='grc'><em>256</em></span> <span class='ocrx_word' id='word_1_168' title='bbox 536 1817 679 1858; x_wconf 80' lang='lat' dir='ltr'><em>harum</em></span> <span class='ocrx_word' id='word_1_169' title='bbox 700 1834 807 1872; x_wconf 80' lang='lat' dir='ltr'><em>pars</em></span> <span class='ocrx_word' id='word_1_170' title='bbox 834 1826 931 1860; x_wconf 73' lang='lat' dir='ltr'><em>tecta</em></span> <span class='ocrx_word' id='word_1_171' title='bbox 959 1819 1184 1874; x_wconf 72' lang='lat' dir='ltr'><em>quatiebant</em></span> <span class='ocrx_word' id='word_1_172' title='bbox 1210 1818 1370 1871; x_wconf 67' lang='lat' dir='ltr'><em>cuspide</em></span> <span class='ocrx_word' id='word_1_173' title='bbox 1397 1817 1556 1872; x_wconf 78' lang='lat' dir='ltr'><em>thyrsos.</em></span> 
     </span>
     <span class='ocr_line' id='line_1_26' title="bbox 101 1881 1598 1940; baseline 0 -15"><span class='ocrx_word' id='word_1_174' title='bbox 101 1883 278 1938; x_wconf 86' lang='lat' dir='ltr'>Saepius</span> <span class='ocrx_word' id='word_1_175' title='bbox 319 1886 459 1925; x_wconf 81' lang='lat' dir='ltr'><em>autem</em></span> <span class='ocrx_word' id='word_1_176' title='bbox 495 1884 563 1925; x_wconf 83' lang='lat' dir='ltr'><em>hic</em></span> <span class='ocrx_word' id='word_1_177' title='bbox 601 1898 724 1926; x_wconf 82' lang='lat' dir='ltr'><em>casus</em></span> <span class='ocrx_word' id='word_1_178' title='bbox 762 1889 834 1927; x_wconf 83' lang='lat' dir='ltr'><em>aut</em></span> <span class='ocrx_word' id='word_1_179' title='bbox 875 1887 1184 1940; x_wconf 75' lang='lat' dir='ltr'><em>praeposit-ione</em></span> <span class='ocrx_word' id='word_1_180' title='bbox 1217 1881 1343 1926; x_wconf 79' lang='lat' dir='ltr'><strong>‘cum&#39;</strong></span> <span class='ocrx_word' id='word_1_181' title='bbox 1386 1885 1598 1939; x_wconf 76' lang='lat' dir='ltr'><em>iungitur:</em></span> 
     </span>
     <span class='ocr_line' id='line_1_27' title="bbox 99 1950 1598 2008; baseline 0 -16"><span class='ocrx_word' id='word_1_182' title='bbox 99 1950 138 1992; x_wconf 90' lang='lat' dir='ltr'>N</span> <span class='ocrx_word' id='word_1_183' title='bbox 140 1963 230 1992; x_wconf 83' lang='lat' dir='ltr'><em>aev.</em></span> <span class='ocrx_word' id='word_1_184' title='bbox 250 1951 303 1991; x_wconf 90' lang='lat'><em>58</em></span> <span class='ocrx_word' id='word_1_185' title='bbox 332 1964 420 1990; x_wconf 75' lang='lat' dir='ltr'><em>cum</em></span> <span class='ocrx_word' id='word_1_186' title='bbox 448 1951 523 1991; x_wconf 73' lang='lat' dir='ltr'><em>tuis</em></span> <span class='ocrx_word' id='word_1_187' title='bbox 541 1952 691 2005; x_wconf 68' lang='lat' dir='ltr'><em>saqittis</em></span> <span class='ocrx_word' id='word_1_188' title='bbox 709 1953 954 2008; x_wconf 76' lang='lat' dir='ltr'><em>arquitenens</em></span> <span class='ocrx_word' id='word_1_189' title='bbox 965 1953 1122 2007; x_wconf 79' lang='lat' dir='ltr'><em>pollens</em></span> <span class='ocrx_word' id='word_1_190' title='bbox 1145 1953 1242 2001; x_wconf 85' lang='lat' dir='ltr'><em>dea‚·</em></span> <span class='ocrx_word' id='word_1_191' title='bbox 1271 1951 1379 1994; x_wconf 86' lang='lat' dir='ltr'><em>Enn.</em></span> <span class='ocrx_word' id='word_1_192' title='bbox 1397 1953 1526 2007; x_wconf 79' lang='lat' dir='ltr'><em>tragg.</em></span> <span class='ocrx_word' id='word_1_193' title='bbox 1545 1951 1598 1993; x_wconf 88' lang='lat'><em>95</em></span> 
     </span>
     <span class='ocr_line' id='line_1_28' title="bbox 100 2017 1601 2074; baseline 0.001 -17"><span class='ocrx_word' id='word_1_194' title='bbox 100 2018 198 2073; x_wconf 80' lang='lat' dir='ltr'><strong><em>quid</em></strong></span> <span class='ocrx_word' id='word_1_195' title='bbox 222 2025 258 2058; x_wconf 86' lang='lat' dir='ltr'><em>te</em></span> <span class='ocrx_word' id='word_1_196' title='bbox 286 2032 374 2057; x_wconf 80' lang='lat' dir='ltr'><em>oum</em></span> <span class='ocrx_word' id='word_1_197' title='bbox 403 2024 468 2058; x_wconf 81' lang='lat' dir='ltr'><em>tuo</em></span> <span class='ocrx_word' id='word_1_198' title='bbox 497 2017 666 2060; x_wconf 84' lang='lat' dir='ltr'><em>lacerato</em></span> <span class='ocrx_word' id='word_1_199' title='bbox 696 2035 878 2074; x_wconf 69' lang='lat' dir='ltr'><em>corpore,-</em></span> <span class='ocrx_word' id='word_1_200' title='bbox 910 2022 991 2061; x_wconf 80' lang='lat'><em>373</em></span> <span class='ocrx_word' id='word_1_201' title='bbox 1020 2021 1091 2061; x_wconf 77' lang='lat' dir='ltr'><em>hoo</em></span> <span class='ocrx_word' id='word_1_202' title='bbox 1110 2035 1198 2060; x_wconf 83' lang='lat' dir='ltr'><em>oum</em></span> <span class='ocrx_word' id='word_1_203' title='bbox 1215 2020 1370 2067; x_wconf 80' lang='lat' dir='ltr'><em>vestitu3</em></span> <span class='ocrx_word' id='word_1_204' title='bbox 1400 2032 1497 2061; x_wconf 85' lang='lat' dir='ltr'><em>ann.</em></span> <span class='ocrx_word' id='word_1_205' title='bbox 1518 2020 1601 2060; x_wconf 82' lang='lat'><em>218</em></span> 
     </span>
     <span class='ocr_line' id='line_1_29' title="bbox 99 2085 1599 2143; baseline 0.001 -18"><span class='ocrx_word' id='word_1_206' title='bbox 99 2086 260 2128; x_wconf 80' lang='lat' dir='ltr'><em>vertitur</em></span> <span class='ocrx_word' id='word_1_207' title='bbox 288 2086 434 2126; x_wconf 81' lang='lat' dir='ltr'><em>interea</em></span> <span class='ocrx_word' id='word_1_208' title='bbox 464 2085 613 2126; x_wconf 76' lang='lat' dir='ltr'><em>caelum</em></span> <span class='ocrx_word' id='word_1_209' title='bbox 639 2102 727 2127; x_wconf 85' lang='lat' dir='ltr'><em>cum</em></span> <span class='ocrx_word' id='word_1_210' title='bbox 755 2088 981 2129; x_wconf 77' lang='lat' dir='ltr'><em>ardentibus</em></span> <span class='ocrx_word' id='word_1_211' title='bbox 1010 2089 1149 2143; x_wconf 58' lang='lat' dir='ltr'><em>siquis,-</em></span> <span class='ocrx_word' id='word_1_212' title='bbox 1185 2087 1304 2129; x_wconf 88' lang='lat' dir='ltr'><strong>Lucr.</strong></span> <span class='ocrx_word' id='word_1_213' title='bbox 1335 2087 1368 2141; x_wconf 91' lang='lat' dir='ltr'><em>I,</em></span> <span class='ocrx_word' id='word_1_214' title='bbox 1399 2088 1479 2128; x_wconf 85' lang='lat'><em>774</em></span> <span class='ocrx_word' id='word_1_215' title='bbox 1507 2101 1599 2128; x_wconf 70' lang='lat' dir='ltr'><em>exa-</em></span> 
     </span>
    </p>
   </div>
   <div class='ocr_carea' id='block_1_3' title="bbox 99 2189 377 2195">
    <p class='ocr_par' dir='ltr' id='par_1_6' title="bbox 99 2189 377 2195">
     <span class='ocr_line' id='line_1_30' title="bbox 99 2189 377 2195; baseline 0 0"><span class='ocrx_word' id='word_1_216' title='bbox 99 2189 377 2195; x_wconf 95' lang='lat' dir='ltr'><em> </em></span> 
     </span>
    </p>
   </div>
   <div class='ocr_carea' id='block_1_4' title="bbox 99 2230 1602 2563">
    <p class='ocr_par' dir='ltr' id='par_1_7' title="bbox 99 2230 1602 2563">
     <span class='ocr_line' id='line_1_31' title="bbox 195 2230 1602 2280; baseline -0.001 -11"><span class='ocrx_word' id='word_1_217' title='bbox 195 2234 233 2277; x_wconf 86' lang='lat'><em>1)</em></span> <span class='ocrx_word' id='word_1_218' title='bbox 257 2230 364 2278; x_wconf 82' lang='lat' dir='ltr'><strong>Apud</strong></span> <span class='ocrx_word' id='word_1_219' title='bbox 387 2231 523 2277; x_wconf 77' lang='lat' dir='ltr'><em>priores</em></span> <span class='ocrx_word' id='word_1_220' title='bbox 554 2234 677 2277; x_wconf 77' lang='lat' dir='ltr'><em>poetas</em></span> <span class='ocrx_word' id='word_1_221' title='bbox 713 2233 772 2269; x_wconf 82' lang='lat' dir='ltr'><em>hie</em></span> <span class='ocrx_word' id='word_1_222' title='bbox 796 2244 898 2270; x_wconf 83' lang='lat' dir='ltr'><em>casus</em></span> <span class='ocrx_word' id='word_1_223' title='bbox 921 2235 1086 2280; x_wconf 85' lang='lat' dir='ltr'><em>gerundii</em></span> <span class='ocrx_word' id='word_1_224' title='bbox 1119 2234 1280 2280; x_wconf 82' lang='lat' dir='ltr'><em>plurimis</em></span> <span class='ocrx_word' id='word_1_225' title='bbox 1309 2235 1397 2270; x_wconf 82' lang='lat' dir='ltr'><em>locis</em></span> <span class='ocrx_word' id='word_1_226' title='bbox 1420 2235 1492 2269; x_wconf 84' lang='lat' dir='ltr'><em>vim</em></span> <span class='ocrx_word' id='word_1_227' title='bbox 1517 2244 1602 2269; x_wconf 75' lang='lat' dir='ltr'><em>eau-</em></span> 
     </span>
     <span class='ocr_line' id='line_1_32' title="bbox 99 2289 1600 2333; baseline 0.001 -9"><span class='ocrx_word' id='word_1_228' title='bbox 99 2290 209 2324; x_wconf 74' lang='lat' dir='ltr'><em>salem</em></span> <span class='ocrx_word' id='word_1_229' title='bbox 226 2289 375 2328; x_wconf 76' lang='lat' dir='ltr'><em>retinet3</em></span> <span class='ocrx_word' id='word_1_230' title='bbox 400 2289 445 2323; x_wconf 81' lang='lat' dir='ltr'><em>cf.</em></span> <span class='ocrx_word' id='word_1_231' title='bbox 473 2289 564 2328; x_wconf 83' lang='lat' dir='ltr'><strong>Eun.</strong></span> <span class='ocrx_word' id='word_1_232' title='bbox 590 2300 669 2324; x_wconf 83' lang='lat' dir='ltr'><em>ann.</em></span> <span class='ocrx_word' id='word_1_233' title='bbox 695 2291 772 2326; x_wconf 86' lang='lat'><em>313.</em></span> <span class='ocrx_word' id='word_1_234' title='bbox 799 2293 878 2327; x_wconf 82' lang='lat' dir='ltr'><em>cat.</em></span> <span class='ocrx_word' id='word_1_235' title='bbox 903 2292 954 2333; x_wconf 80' lang='grc' dir='ltr'><em>Π,</em></span> <span class='ocrx_word' id='word_1_236' title='bbox 981 2293 1035 2327; x_wconf 89' lang='lat'><em>18.</em></span> <span class='ocrx_word' id='word_1_237' title='bbox 1058 2291 1134 2332; x_wconf 84' lang='lat' dir='ltr'><em>LV,</em></span> <span class='ocrx_word' id='word_1_238' title='bbox 1158 2291 1213 2325; x_wconf 80' lang='lat'><em>32.</em></span> <span class='ocrx_word' id='word_1_239' title='bbox 1241 2291 1343 2326; x_wconf 82' lang='lat' dir='ltr'>Luor.</span> <span class='ocrx_word' id='word_1_240' title='bbox 1362 2290 1392 2333; x_wconf 91' lang='grc' dir='ltr'><em>Ι,</em></span> <span class='ocrx_word' id='word_1_241' title='bbox 1415 2292 1494 2327; x_wconf 87' lang='grc'><em>312.</em></span> <span class='ocrx_word' id='word_1_242' title='bbox 1520 2290 1600 2325; x_wconf 84' lang='grc'><strong>398.</strong></span> 
     </span>
     <span class='ocr_line' id='line_1_33' title="bbox 99 2340 1600 2394; baseline 0.001 -13"><span class='ocrx_word' id='word_1_243' title='bbox 99 2346 178 2381; x_wconf 84' lang='grc'><strong>400.</strong></span> <span class='ocrx_word' id='word_1_244' title='bbox 211 2346 290 2382; x_wconf 85' lang='grc'><strong>433.</strong></span> <span class='ocrx_word' id='word_1_245' title='bbox 325 2346 404 2382; x_wconf 88' lang='grc'><strong>902.</strong></span> <span class='ocrx_word' id='word_1_246' title='bbox 440 2344 538 2382; x_wconf 89' lang='lat'>1005.</span> <span class='ocrx_word' id='word_1_247' title='bbox 575 2345 673 2388; x_wconf 84' lang='lat'>1026,</span> <span class='ocrx_word' id='word_1_248' title='bbox 710 2340 869 2394; x_wconf 74' lang='lat' dir='ltr'><em>saepius3</em></span> <span class='ocrx_word' id='word_1_249' title='bbox 904 2348 964 2384; x_wconf 81' lang='lat' dir='ltr'><em>sed</em></span> <span class='ocrx_word' id='word_1_250' title='bbox 1003 2348 1155 2394; x_wconf 81' lang='lat' dir='ltr'><em>legimus</em></span> <span class='ocrx_word' id='word_1_251' title='bbox 1199 2360 1336 2394; x_wconf 83' lang='lat' dir='ltr'><em>quoque</em></span> <span class='ocrx_word' id='word_1_252' title='bbox 1377 2349 1471 2386; x_wconf 74' lang='lat' dir='ltr'><em>sicut</em></span> <span class='ocrx_word' id='word_1_253' title='bbox 1506 2348 1600 2394; x_wconf 84' lang='lat' dir='ltr'><em>apud</em></span> 
     </span>
     <span class='ocr_line' id='line_1_34' title="bbox 101 2403 1600 2448; baseline 0.001 -11"><span class='ocrx_word' id='word_1_254' title='bbox 101 2403 315 2446; x_wconf 85' lang='lat' dir='ltr'><strong>Vergilium:</strong></span> <span class='ocrx_word' id='word_1_255' title='bbox 335 2404 398 2444; x_wconf 86' lang='lat' dir='ltr'><em>VI,</em></span> <span class='ocrx_word' id='word_1_256' title='bbox 414 2404 481 2438; x_wconf 86' lang='lat'><em>451</em></span> <span class='ocrx_word' id='word_1_257' title='bbox 508 2405 621 2435; x_wconf 74' lang='lat' dir='ltr'><em>nubila</em></span> <span class='ocrx_word' id='word_1_258' title='bbox 645 2413 870 2445; x_wconf 70' lang='lat' dir='ltr'><em>concrescunt,</em></span> <span class='ocrx_word' id='word_1_259' title='bbox 896 2408 951 2438; x_wconf 79' lang='lat' dir='ltr'><em>ubi</em></span> <span class='ocrx_word' id='word_1_260' title='bbox 965 2418 1112 2448; x_wconf 84' lang='lat' dir='ltr'><em>corpora</em></span> <span class='ocrx_word' id='word_1_261' title='bbox 1125 2407 1225 2438; x_wconf 79' lang='lat' dir='ltr'><em>multa</em></span> <span class='ocrx_word' id='word_1_262' title='bbox 1243 2406 1385 2440; x_wconf 80' lang='lat' dir='ltr'><em>volando</em></span> <span class='ocrx_word' id='word_1_263' title='bbox 1403 2408 1462 2439; x_wconf 71' lang='lat' dir='ltr'><em>hoc</em></span> <span class='ocrx_word' id='word_1_264' title='bbox 1478 2418 1600 2448; x_wconf 81' lang='lat' dir='ltr'><em>supero</em></span> 
     </span>
     <span class='ocr_line' id='line_1_35' title="bbox 101 2459 1599 2510; baseline 0.006 -19"><span class='ocrx_word' id='word_1_265' title='bbox 101 2460 134 2492; x_wconf 80' lang='lat' dir='ltr'><em>in</em></span> <span class='ocrx_word' id='word_1_266' title='bbox 159 2460 250 2493; x_wconf 80' lang='lat' dir='ltr'><em>caeli</em></span> <span class='ocrx_word' id='word_1_267' title='bbox 271 2462 382 2503; x_wconf 75' lang='lat' dir='ltr'><em>spatio</em></span> <span class='ocrx_word' id='word_1_268' title='bbox 407 2462 514 2495; x_wconf 79' lang='lat' dir='ltr'><em>coiere</em></span> <span class='ocrx_word' id='word_1_269' title='bbox 547 2468 683 2505; x_wconf 80' lang='lat' dir='ltr'><em>repente</em></span> <span class='ocrx_word' id='word_1_270' title='bbox 715 2464 893 2506; x_wconf 76' lang='lat' dir='ltr'><em>asperiora</em></span> <span class='ocrx_word' id='word_1_271' title='bbox 901 2476 913 2504; x_wconf 94' lang='lat'><em>;</em></span> <span class='ocrx_word' id='word_1_272' title='bbox 943 2462 1124 2499; x_wconf 72' lang='lat' dir='ltr'><em>invenitur</em></span> <span class='ocrx_word' id='word_1_273' title='bbox 1147 2463 1256 2498; x_wconf 74' lang='lat' dir='ltr'><em>etiam</em></span> <span class='ocrx_word' id='word_1_274' title='bbox 1281 2463 1495 2510; x_wconf 72' lang='lat' dir='ltr'><em>praepositio</em></span> <span class='ocrx_word' id='word_1_275' title='bbox 1518 2459 1599 2500; x_wconf 73' lang='lat' dir='ltr'><em>‘in&#39;z</em></span> 
     </span>
     <span class='ocr_line' id='line_1_36' title="bbox 99 2517 1552 2563; baseline 0 -11"><span class='ocrx_word' id='word_1_276' title='bbox 99 2517 169 2558; x_wconf 89' lang='lat' dir='ltr'>III,</span> <span class='ocrx_word' id='word_1_277' title='bbox 193 2519 259 2553; x_wconf 82' lang='lat'><em>491</em></span> <span class='ocrx_word' id='word_1_278' title='bbox 286 2519 318 2551; x_wconf 82' lang='lat' dir='ltr'><em>in</em></span> <span class='ocrx_word' id='word_1_279' title='bbox 344 2519 501 2552; x_wconf 76' lang='lat' dir='ltr'><em>iactando</em></span> <span class='ocrx_word' id='word_1_280' title='bbox 526 2522 667 2552; x_wconf 83' lang='lat' dir='ltr'><em>membra</em></span> <span class='ocrx_word' id='word_1_281' title='bbox 680 2522 826 2563; x_wconf 75' lang='lat' dir='ltr'><em>fatiyat‚</em></span> <span class='ocrx_word' id='word_1_282' title='bbox 852 2521 921 2555; x_wconf 84' lang='grc'><em>706</em></span> <span class='ocrx_word' id='word_1_283' title='bbox 944 2528 1050 2554; x_wconf 74' lang='lat' dir='ltr'><em>tamen</em></span> <span class='ocrx_word' id='word_1_284' title='bbox 1075 2521 1107 2553; x_wconf 76' lang='lat' dir='ltr'><em>in</em></span> <span class='ocrx_word' id='word_1_285' title='bbox 1131 2522 1294 2554; x_wconf 75' lang='lat' dir='ltr'><em>manando</em></span> <span class='ocrx_word' id='word_1_286' title='bbox 1319 2522 1552 2553; x_wconf 76' lang='lat' dir='ltr'><em>dissoluuntur.</em></span> 
     </span>
    </p>
   </div>
  </div>
 </body>
</html>
