1709 2978
694 101 969 140 -49-

88 226 163 280 IV,
182 225 259 267 177
282 226 323 265 et
341 221 392 275 X,
410 222 487 263 767
517 221 611 275 solo,
644 220 694 279 X,
712 222 791 263 763
810 216 980 276 eamp03
1010 222 1249 264 incubare
1273 221 1343 275 [V,
1360 222 1412 263 82
1432 221 1576 270 strat-is,

89 292 184 346 VII,
204 293 257 333 88
278 289 468 344 pellibus,-
496 289 702 330 infusus
735 288 945 343 V111,406
972 290 1131 344 yremio.
1173 287 1296 344 Regit
1316 289 1383 330 vel
1403 288 1577 330 verbum

90 362 256 415 aptare
292 356 466 399 localem
495 354 567 409 IX,
597 356 701 397 305:
733 371 857 397 ensem
886 358 1027 411 vayina
1056 363 1218 410 aptarat
1245 356 1404 396 eburna.
1433 364 1435 366 '

201 424 364 467 Deinde
401 424 497 464 vide
533 424 638 465 tales
675 425 809 466 locos:
854 424 947 476 XII,
975 425 1051 465 911
1091 438 1166 464 non
1195 437 1358 476 corpore
1384 431 1498 464 notae
1528 448 1578 454 —

90 493 289 549 sufficiunt
311 491 424 541 vires,
456 492 537 533 914
565 498 648 532 tum
668 499 827 545 pectore
853 506 982 532 sensus
1005 517 1052 521 ---
1076 498 1273 532 vertuntur
1301 491 1414 532 varii.
1473 491 1580 534 Iam-

92 573 173 615 que
203 560 350 602 eodem
379 559 500 601 modo
531 560 740 614 explicare
770 559 920 601 debes:
965 558 1038 611 IX,
1068 559 1120 599 66
1158 559 1269 598 duris
1298 559 1410 601 dolor
1436 561 1580 606 ossibus

73 628 216 676 ardet,
280 627 356 667 741
396 626 524 679 ‘incipe
559 627 671 681 siqua
706 627 837 667 animo
879 627 1012 674 virtus,
1062 624 1153 678 XII,
1186 626 1263 666 102
1302 627 1421 667 oeulis
1462 627 1580 666 micat

92 694 245 734 acribus
271 693 383 746 iynis.

668 886 988 940 Soeiativus.

205 1036 269 1078 De
301 1035 500 1078 soc‘iativo
530 1038 816 1091 disputaturus
844 1040 1023 1092 primum
1054 1038 1235 1079 tractabo
1264 1039 1390 1090 locos,
1426 1037 1580 1092 quibus

95 1106 162 1146 hic
191 1118 313 1147 casus
342 1119 367 1146 a
391 1104 516 1146 verbo
547 1105 711 1158 pendet,
740 1108 829 1146 tum
861 1118 932 1146 eos
955 1105 1108 1159 quibus
1131 1105 1391 1147 substantivo
1413 1107 1581 1146 iunctus

95 1175 169 1213 est.
229 1172 292 1213 Ita
329 1174 469 1213 autem
508 1184 596 1212 rem
632 1173 860 1225 instituam,
902 1174 947 1212 ut
974 1174 1160 1226 priorum
1189 1176 1404 1227 poetarum
1433 1185 1581 1213 versus

97 1241 169 1295 qui
199 1241 281 1281 huc
309 1239 467 1281 faciunt
497 1239 736 1294 Vergiliano
769 1240 865 1281 usui
894 1241 1165 1293 praemittam.

207 1309 347 1362 Atque
376 1308 434 1348 ita
462 1309 509 1348 ut
538 1308 745 1361 exprimat
774 1308 896 1349 aliam
925 1321 1022 1349 oum
1051 1308 1131 1349 alia
1157 1321 1202 1349 re
1225 1321 1310 1349 una
1330 1321 1437 1361 esse,
1463 1309 1581 1348 inve-

98 1375 210 1416 nitur
238 1375 478 1428 sociativus,
509 1375 542 1415 si
574 1374 625 1416 de
656 1376 915 1416 exercituum
937 1376 1146 1429 comitatu,
1176 1375 1226 1417 de
1248 1376 1386 1429 armis,
1416 1376 1582 1428 vestitu,

98 1443 279 1497 corporis
316 1442 502 1496 partibus
532 1444 691 1496 agitur3
729 1443 923 1496 exempla
953 1444 1075 1496 apud·
1095 1447 1258 1484 veteres
1288 1445 1432 1484 inveni
1460 1444 1580 1484 haec:

150 1509 259 1550 Enn.
291 1522 386 1550 ann.
418 1510 498 1550 499
528 1510 668 1549 incedit
699 1509 791 1549 veles
819 1510 930 1563 vuZ90
958 1510 1124 1550 sieilibus
1151 1511 1251 1551 latis.

152 1578 249 1618 Ace.
286 1578 338 1617 55
358 1577 475 1631 ferro
496 1584 689 1630 prompto
718 1579 931 1618 adstiterat.

256 1644 335 1684 155
365 1644 511 1684 ansatis
540 1652 773 1685 concurrunt
802 1636 971 1701 undique
993 1645 1087 1686 telis.

96 1712 161 1752 his
191 1711 409 1752 adicienda
437 1715 536 1752 sunt
565 1712 795 1766 compluria
824 1713 951 1754 verba
980 1713 1137 1767 copiae,
1165 1726 1271 1768 quae
1292 1713 1376 1754 fere
1397 1727 1479 1755 non
1503 1714 1583 1756 huc

96 1779 353 1820 referuntur:

153 1847 250 1887 Ace.
282 1848 364 1887 244
394 1846 631 1887 Chitlzaeron
651 1847 818 1901 frondet
845 1848 1102 1887 viridantibus
1121 1848 1229 1902 fetis.

284 1914 362 1953 631
394 1928 489 1954 aere
515 1921 629 1973 atque
650 1914 767 1967 ferro
787 1915 956 1969 fervere,
987 1915 1197 1967 insiqnibus
1213 1914 1374 1969 florere.

153 1978 219 2020 Pr.
249 1979 294 2023 P.
324 1981 486 2034 sayittis',
507 1980 673 2034 plumbo
703 1987 736 2021 et
764 1982 870 2021 saxis
894 1982 1122 2035 9randinat,
1149 1981 1254 2021 nivit.

154 2045 273 2087 Lucr.
308 2046 355 2100 V,
388 2048 494 2088 1442
526 2048 607 2087 iam
635 2062 745 2088 mare
773 2048 939 2088 velivolis
952 2048 1125 2104 florebat
1150 2049 1364 2101 puppibus,

96 2111 189 2153 Hoc
227 2114 349 2155 modo
393 2116 518 2156 etiam
547 2115 761 2169 Vergilius
799 2128 943 2156 casum
973 2117 1213 2169 usurpavit3
1253 2117 1441 2156 sociativi
1480 2129 1585 2171 quos

98 2179 234 2220 attulit
262 2180 446 2223 Kernius
475 2195 569 2236 pag.
601 2183 653 2223 33
692 2184 815 2224 modo
846 2183 896 2224 ad
927 2187 1172 2224 armaturam
1205 2184 1433 2237 pertinent;
1475 2185 1586 2238 vide,

99 2246 171 2298 qui
199 2249 384 2301 corporis
412 2251 548 2303 partes
580 2249 836 2304 significant:

154 2311 209 2365 II,
240 2314 320 2355 219
600 2317 657 2356 bis
685 2316 780 2356 collo
808 2330 992 2370 squamea
1020 2317 1166 2356 circum

345 2387 454 2436 terya
483 2383 569 2424 dati
594 2390 782 2438 superant
809 2383 935 2436 capite
964 2390 998 2423 et
1025 2384 1230 2425 cervicibus
1259 2384 1348 2425 altis

155 2444 250 2499 VII,
281 2447 362 2488 784
389 2452 431 2490 et
459 2449 539 2504 XI,
569 2451 649 2491 683
678 2458 758 2504 toto
785 2451 920 2491 vertice
948 2465 1072 2504 supra
1100 2459 1164 2492 est.

155 2509 233 2565 IX,
264 2513 343 2555 530
372 2517 493 2557 turris
522 2525 605 2558 erat
632 2525 738 2559 vasto
766 2524 942 2571 suspectu
968 2525 1002 2559 et
1024 2519 1209 2572 pontibus
1231 2519 1330 2561 altis.

1312 2607 1334 2639 4
