1709 2978
727 133 1001 174 -31-

116 259 246 312 verat,
276 259 546 301 continuavit.
606 259 745 313 Atque
772 258 809 299 si
828 259 923 312 post
941 258 1114 299 Aeneae
1134 269 1189 299 ex
1207 256 1349 316 Africa
1371 257 1606 300 discessum

117 323 362 382 Carthagine
403 329 606 382 geruntur
657 339 764 382 quae
804 338 891 367 non
938 325 1143 380 exiguum
1182 326 1381 381 temporis
1424 327 1606 382 spatium

116 394 301 448 explent,
337 395 443 437 liber
468 395 520 448 V,
549 396 623 450 qui
658 405 804 436 rursus
844 394 889 433 in
925 393 1143 435 narrandis
1170 391 1443 435 Troianorum
1478 393 1605 436 rebus

114 463 261 517 pergit,
290 463 399 505 male
415 464 668 514 annectitur,
701 461 767 502 sin
786 474 885 503 vero
905 461 1073 503 Aeneas
1093 474 1117 502 e
1137 464 1259 516 portu
1280 461 1476 516 procedit,
1504 462 1607 504 dum

115 527 222 572 Dido
260 533 435 573 mortem
473 532 641 586 oppetit,
680 532 803 584 atque
832 528 1023 571 flammas
1063 530 1188 570 etiam
1224 529 1314 584 rogi
1349 529 1477 583 videt,
1514 532 1605 572 tum

115 598 269 650 optime
309 599 445 652 quinti
482 597 577 638 libri
614 598 783 638 initium
813 598 970 651 excipit
997 596 1124 638 finem
1157 598 1293 651 quarti
1321 599 1445 651 atque
1475 597 1605 637 conti-

114 665 270 706 nuitate
307 678 393 707 non
436 664 597 707 turbata
636 665 827 720 narratio·
853 666 974 719 quasi
1015 677 1100 706 uno
1142 664 1213 705 filo
1252 664 1444 706 decurrit.
1512 663 1605 706 Hoc

116 730 325 786 Vergilius
344 733 491 783 voluit,
518 745 615 773 cum
646 733 780 786 quarti
808 731 904 772 libri
923 734 1218 787 argumentum
1239 745 1336 773 cum
1355 732 1605 773 anteceden-

111 797 223 841 tibus
253 802 293 841 et
321 799 642 855 insequentibus
652 816 660 830 ·-
673 800 803 842 artius
831 791 1132 842 coniuncturus
1159 802 1281 841 esset.
1327 798 1443 842 Sexti
1464 802 1604 842 autem

112 866 206 907 libri
237 880 407 909 versum
436 868 539 909 456:

279 934 420 990 infeli-v
447 934 575 984 Dido,
604 948 715 976 verus
742 934 841 976 mihi
866 935 1024 975 nuntius
1052 948 1141 989 erqo

276 1010 431 1042 venerat
459 1003 669 1043 eoetinctam
687 1003 880 1056 ferroque
909 1009 1082 1043 extrema
1110 1002 1308 1043 secutam?
1359 1033 1362 1036 .

111 1070 287 1125 scripsit,
315 1070 561 1125 priusquam
592 1071 787 1125 quartum
816 1067 969 1111 librum
1000 1071 1197 1122 mutavit,
1228 1083 1326 1112 nam
1356 1071 1392 1111 si
1411 1061 1628 1112 'hocloco'
1681 1075 1685 1078 ’

111 1137 164 1177 de
191 1139 338 1178 nuntio
366 1139 436 1178 vel
464 1138 585 1190 fama,
614 1150 724 1191 quae
743 1138 914 1178 Aeneae
943 1138 1067 1180 allata
1091 1139 1158 1190 sit,
1187 1139 1335 1192 agitur,
1361 1150 1418 1178 ex
1436 1136 1602 1177 Africae

112 1219 183 1248 ora
221 1206 293 1248 ille
328 1205 594 1261 proficiscens
624 1206 752 1261 ignes
773 1206 864 1261 rogi
891 1219 977 1248 non
1005 1208 1089 1250 iam
1117 1207 1234 1261 vidit,
1265 1207 1350 1248 nisi
1376 1205 1480 1248 forte
1506 1205 1602 1260 quis

111 1274 342 1327 contendit,
377 1275 520 1328 ignem
559 1274 678 1314 illum
713 1272 847 1313 fuisse
887 1275 1106 1327 nuntium,
1148 1275 1218 1328 qui
1253 1275 1443 1329 reginam
1478 1269 1603 1315 ‘ferro

111 1339 351 1383 extinctam'
387 1343 576 1383 Aeneam
610 1341 827 1382 certiorem
853 1340 1032 1383 fecisset.

223 1475 436 1528 Gaudebo,
466 1476 502 1516 si
531 1474 607 1515 tibi
635 1487 770 1517 unum
800 1475 967 1517 aliudve
996 1488 1051 1518 ex
1082 1477 1371 1518 dissertatione
1391 1488 1486 1517 mea
1507 1487 1603 1530 pro-

111 1543 282 1595 bavero;
311 1545 397 1584 scio
427 1544 540 1584 enim
570 1543 761 1584 difficiles
790 1555 885 1584 esse
914 1544 1018 1585 tales
1047 1545 1315 1598 quaestiones
1334 1544 1484 1584 tironis
1502 1544 1603 1584 viri·

109 1611 188 1652 bus
213 1613 289 1652 vix
318 1610 659 1663 accommodatas,
689 1623 825 1665 eoque
852 1609 1121 1664 difficiliores,
1150 1612 1250 1666 q'uia
1278 1606 1602 1652 commentarius

107 1677 312 1718 'Aeneidis
355 1680 429 1732 qui
472 1678 696 1719 satisfaciat
732 1677 867 1718 adhuc
908 1678 1178 1719 desideratur.
1245 1678 1329 1719 Eos
1371 1690 1471 1719 vero
1515 1690 1600 1718 non

108 1744 315 1786 curandos
351 1757 446 1786 esse
476 1746 636 1797 censui,
678 1746 752 1799 qui
781 1745 856 1786 has
887 1758 991 1799 quas
1020 1746 1185 1786 institui
1215 1746 1484 1799 quaestiones
1513 1757 1601 1786 om-

108 1812 210 1852 nino
246 1815 448 1865 respuant
483 1815 609 1866 atque
650 1824 797 1853 omnes
837 1812 1040 1853 Aeneidis
1078 1812 1375 1865 discrepantias
1416 1812 1601 1865 explica-

107 1879 222 1919 tione
264 1880 458 1932 quamvis
497 1879 805 1920 contortissima
846 1879 990 1920 tollere
1034 1879 1241 1920 studeant.
1303 1877 1399 1930 His,
1436 1879 1601 1920 etiamsi

107 1948 353 2001 argumenta
381 1959 437 1988 ex
466 1947 558 2002 ipsa
586 1946 775 1989 Aeneide
804 1948 977 2002 repetita
1005 1959 1092 1989 non
1117 1948 1276 2000 curant,
1305 1948 1465 1988 certum
1493 1947 1600 1989 anti-

108 2015 278 2067 quitatis
315 2015 367 2055 de
407 2016 590 2055 carmine
620 2028 645 2055 a
672 2015 857 2070 Vergilio
887 2028 973 2055 non
999 2015 1179 2069 perfecto
1209 2016 1499 2056 testimonium
1528 2015 1602 2056 ob-

107 2084 188 2123 stat
225 2093 472 2137 semperque
502 2081 663 2124 obverti
691 2085 839 2137 potest,
877 2082 977 2138 quid
1002 2076 1171 2124 tandem
1198 2085 1321 2136 poeta
1349 2071 1484 2125 tribus
1514 2083 1601 2125 illis

105 2150 228 2190 annis
259 2149 413 2204 quibus
432 2150 666 2190 Aeneidem
695 2150 977 2203 perpoliturus
1008 2152 1096 2190 erat
1115 2150 1250 2191 facere
1270 2151 1469 2203 voluerit3
1500 2164 1599 2193 nam

93 2216 194 2255 >tum
223 2216 328 2257 nihil
358 2216 471 2258 aliud
501 2217 540 2258 ei
568 2215 751 2257 restabat
778 2217 862 2259 nisi
890 2220 937 2258 ut
966 2217 1252 2259 hemistichios
1272 2217 1369 2259 illos
1390 2218 1600 2273 quinqua-

104 2282 221 2335 ginta
256 2286 347 2325 octo
382 2284 579 2339 expleret„
637 2284 701 2324 Ac
734 2297 789 2326 ne
827 2285 906 2326 hoc
934 2285 1105 2339 quidem
1143 2297 1248 2340 opus
1278 2288 1386 2338 erat3
1425 2286 1599 2328 demon-

105 2350 250 2391 stravit
289 2352 404 2393 enim
446 2351 568 2394 nobis
605 2351 907 2394 Muenscherus
939 2347 1025 2394 ‘die
1065 2352 1435 2409 unvollstandigen
1465 2353 1598 2397 Verse

103 2416 148 2455 in
177 2416 344 2472 Vergils
374 2421 575 2472 Aeneide,
613 2419 745 2461 Jauer
775 2417 894 2460 1879’
937 2420 1013 2460 hos
1057 2422 1315 2463 semiversus
1353 2434 1379 2462 a
1409 2421 1596 2476 Vergilio

104 2482 155 2524 de
186 2484 393 2528 industria
421 2487 473 2528 ad
504 2487 710 2529 sermonis
739 2487 828 2528 vim
856 2486 1091 2542 augendam
1120 2500 1216 2531 esse
1246 2489 1510 2543 compositos.
