1709 2978
708 80 984 119 -17-

99 207 288 258 videtur;
330 204 457 246 verba
487 199 532 242 ‘a
558 202 697 254 pm‘ma
726 199 889 255 oriqine'
926 215 1181 256 quamquam
1219 203 1266 243 in
1301 203 1422 243 initio
1460 214 1596 243 enun-

100 274 196 316 ciati
240 271 517 315 inveniuntur
556 268 608 311 ad
642 263 884 323 ‘erroresque
921 266 1021 310 tuos’
1060 268 1202 336 referri
1239 270 1480 325 nequeunt3
1532 269 1597 310 in-

99 342 296 396 tellegere
323 349 552 394 possumus
582 337 786 391 originem
816 336 858 376 id
887 339 952 377 est
976 350 1146 378 causam
1181 337 1431 378 insidiarum
1460 340 1502 378 et
1530 350 1597 378 ca-

101 422 240 462 suum,
269 420 355 450 non
383 417 483 448 vero
512 404 718 460 originem
747 416 957 456 errorum3
989 403 1127 448 dicere
1151 404 1328 448 debebat
1355 405 1501 463 regina
1526 399 1595 447 ‘ab

27 481 32 485 ”
99 475 250 518 initio'.
310 472 584 528 Insequentia
614 474 754 513 autem
776 472 926 514 verba:
954 468 1067 513 ‘nam
1096 480 1130 513 te
1159 473 1240 513 iam
1269 474 1435 527 septima
1461 480 1597 526 portat

100 544 274 586 omnibus
301 547 498 583 errantem
523 539 638 581 terris
666 546 701 580 et
717 539 905 595 fluctibus
932 537 1075 582 aestas’
1108 542 1216 582 stare
1238 553 1323 582 non
1344 553 1470 595 posse
1491 540 1595 582 vidit

100 610 368 661 Ribbeckius,
407 608 582 648 minime
622 609 823 649 refutatus
862 621 886 649 a
920 607 1119 649 Kettnero
1156 607 1369 660 (Zeitschr.
1409 609 1436 648 f.
1473 607 1594 659 Gym.

103 678 222 719 1879.
252 690 289 732 p.
321 675 429 728 659).
489 674 721 716 Audiverat
759 686 861 716 sane
889 673 998 716 Dido
1027 673 1175 716 Iliacas
1204 687 1371 729 pugnas
1407 670 1598 730 ‘belcaqcae

100 745 182 786 iam
200 745 324 800 fama
350 748 429 782 tota
457 740 612 795 volyata
633 755 712 794 per
736 739 900 794 orbem',
938 748 1177 783 narraverat
1215 743 1254 782 ei
1283 740 1444 783 Teucer
1470 745 1596 796 atque

102 812 343 867 quicunque
379 811 526 864 postea
563 808 615 850 ad
654 808 916 863 Carthaginis
954 822 1070 851 oram
1110 809 1280 865 appulit,
1322 811 1478 864 quanta
1515 808 1595 851 sub

101 878 247 921 Troiae
283 876 507 919 moenibus
548 880 668 931 gesta
707 879 862 930 essent,
904 877 978 918 sed
1018 891 1101 932 quo
1143 891 1254 919 anno
1292 880 1421 932 gesta·
1441 882 1597 931 essent,

100 948 178 989 1100
223 945 382 987 nullius
425 948 511 986 erat
553 946 753 987 momenti
800 958 938 1000 neque
984 944 1164 987 Didonis
1203 945 1432 1000 quidquam
1470 936 1596 987 10101·-

99 1014 197 1066 fuit3
253 1014 319 1055 sin
378 1015 519 1054 autem
578 1013 722 1067 utique
775 1027 867 1055 eam
915 1027 1074 1055 annum
1119 1026 1289 1068 quoque
1331 1011 1479 1054 Troiae
1522 1025 1597 1054 ex-

100 1083 307 1136 pugnatae
346 1094 370 1122 a
406 1078 566 1121 Teucro
608 1082 818 1135 accepisse
857 1084 981 1136 atque
1010 1082 1212 1122 memoria
1240 1072 1468 1122 retinuisse
1498 1093 1596 1122 con-

99 1148 268 1190 tendere
298 1149 377 1200 vis,
406 1149 495 1188 tum
530 1147 653 1187 etiam
686 1160 841 1200 quaeso
868 1147 980 1203 finge
1000 1148 1077 1189 tibi
1099 1162 1206 1202 eam,
1238 1149 1339 1189 dum
1372 1148 1597 1202 epulantur

100 1229 139 1256 v.
165 1206 249 1257 '724
279 1227 367 1269 sqq.
406 1215 623 1267 convivae,
662 1214 802 1269 digitis
839 1216 1042 1269 porrectis
1087 1228 1231 1257 secum
1270 1218 1596 1270 computantem,

101 1285 201 1337 quot
229 1283 330 1324 8001
358 1285 453 1337 post
480 1280 645 1323 Troiam
674 1285 835 1337 captam
868 1284 1170 1338 praeterierint.
1230 1285 1298 1324 An
1329 1296 1478 1324 censes
1508 1296 1595 1324 om-

99 1362 175 1391 nes
215 1350 406 1391 homines
453 1362 502 1390 eo
541 1352 729 1404 tempore
768 1363 902 1392 annos
939 1365 964 1392 a
1000 1350 1123 1393 Troia
1154 1351 1288 1392 diruta
1317 1351 1594 1392 numerasse?

31 1439 33 1442 ·
100 1417 273 1459 Faciunt
309 1417 388 1461 hoc
426 1415 608 1469 Troiani,
646 1417 690 1457 hi
728 1417 865 1459 dicere
903 1422 1081 1472 possunt
1113 1414 1296 1472 ‘septima
1326 1425 1421 1471 post
1459 1417 1598 1458 Troiae

99 1485 290 1526 excidium
324 1485 407 1525 iam
441 1484 602 1525 vertitur
640 1483 800 1534 aestas',
843 1486 936 1527 aliis
975 1500 1113 1528 annus
1154 1486 1325 1541 quidem
1355 1496 1440 1527 non
1470 1498 1595 1528 curae

99 1555 173 1593 est.
232 1552 377 1607 Itaque
408 1552 602 1593 versibus
635 1553 725 1593 755.
759 1554 810 1593 56
849 1554 1096 1608 inquinatur
1126 1555 1352 1605 sententia3
1393 1557 1465 1595 aut
1495 1558 1594 1595 sunt

98 1619 387 1674 interpolati¹),
427 1620 471 1661 id
508 1620 619 1675 quod
653 1618 910 1662 Ribbeckius
943 1621 994 1663 de
1024 1621 1164 1663 verbis
1190 1616 1300 1661 ‘nam
1330 1628 1364 1661 te
1392 1622 1474 1662 iam
1492 1635 1592 1675 ‘sep-

98 1686 195 1732 tima
221 1684 313 1741 sqq?
351 1688 494 1729 statuit
523 1713 574 1718 -
604 1689 679 1728 vix
710 1691 850 1730 autem
880 1690 1078 1743 cuiquam
1108 1689 1419 1730 hemistichium
1440 1690 1486 1730 in
1506 1689 1592 1731 fine

100 1752 194 1795 libri
221 1753 412 1809 probabit
443 1779 494 1784 —
525 1758 597 1797 aut
624 1769 648 1796 a
675 1758 809 1810 poeta,
836 1758 883 1796 01
911 1758 1055 1810 postea
1082 1756 1220 1798 fusius
1250 1759 1524 1798 tractarentur
1552 1759 1594 1798 et

100 1822 329 1862 0001001180
348 1824 487 1876 aptius
509 1824 833 1877 implicarentur,
854 1836 925 1877 pro
946 1824 1190 1865 tibicinibus
1206 1824 1234 1875 2)
1254 1824 1360 1865 libro
1381 1825 1599 1879 adscriptiq

189 1991 227 2033 1)
259 1995 459 2039 repugnant
492 1993 635 2039 insuper
659 1995 773 2029 versui
796 1995 842 2035 V,
866 1994 951 2034 5263
984 2005 1065 2028 nam
1090 1996 1238 2039 utroque
1262 1995 1339 2029 loco
1364 1994 1496 2030 dicitur
1518 1995 1590 2030 iam

99 2049 285 2092 septimam
310 2051 482 2102 aestatem
508 2052 678 2086 Troianos
703 2052 739 2086 in
764 2052 940 2087 erroribus
963 2051 1106 2096 degere3
1128 2050 1259 2086 'tamen
1285 2052 1475 2088 intercedit
1498 2053 1592 2088 inter

98 2103 217 2139 ambas
247 2106 311 2140 has
345 2110 499 2143 aestates
522 2109 636 2144 hiems
661 2109 753 2155 apud
779 2109 952 2147 Didonem
976 2111 1166 2144 transacta.
1216 2109 1317 2144 Hanc
1342 2109 1590 2145 difficultatem

98 2160 151 2195 ita
175 2161 307 2197 solvere
331 2165 452 2199 studet
469 2165 674 2205 Kettnerus.
700 2169 741 2201 ut
765 2166 871 2207 dicat,
897 2178 975 2202 01101
1003 2167 1141 2211 quando
1167 2167 1284 2212 quinti
1301 2167 1383 2202 libri
1402 2179 1589 2213 argumen-

97 2219 175 2253 tum
198 2208 322 2255 statim
349 2221 455 2256 tertio
479 2221 568 2257 libro
594 2223 813 2264 successerit,
837 2223 950 2267 igitur
974 2234 1061 2268 quae
1085 2224 1121 2258 10
1147 2224 1261 2268 primo
1285 2224 1375 2259 libro
1403 2228 1591 2260 narrentur

97 2272 220 2307 statim
252 2285 293 2309 ea
326 2278 536 2322 exceperint,
570 2290 658 2323 quae
689 2280 812 2324 quinto
848 2280 1105 2322 contineantur,
1133 2292 1170 2315 re
1195 2292 1275 2316 vera
1300 2282 1392 2316 hanc
1416 2284 1589 2317 aestatem

98 2339 204 2365 unam
239 2331 453 2379 eandemque
483 2346 568 2371 esse.
618 2336 686 2371 Sed
709 2347 849 2381 semper
868 2337 1019 2381 septima
1043 2339 1098 2372 est
1120 2348 1288 2379 errorum,
1321 2340 1430 2383 atque
1454 2338 1592 2375 accedit

97 2385 222 2428 hiems,
246 2398 351 2432 quam
369 2392 588 2437 Carthagine
613 2395 805 2434 morantur,
834 2393 886 2427 ita
910 2396 951 2427 ut
968 2394 1104 2429 Aeneas
1128 2405 1198 2429 non
1217 2396 1368 2440 septimo
1386 2396 1446 2431 sed
1464 2399 1588 2431 octavo

97 2441 236 2499 demum
260 2454 351 2480 anno
376 2446 413 2481 in
436 2447 582 2484 Latium
606 2450 743 2491 veniat·
768 2449 860 2496 q'uod
882 2461 953 2485 non
977 2451 1219 2497 accipiendum
1243 2455 1307 2488 eet.

189 2500 229 2544 2)
253 2493 373 2537 Etiam
399 2503 607 2543 Weidnerus
638 2505 772 2543 verba'
777 2519 851 2541 nam
886 2514 916 2541 te
949 2509 1012 2541 iam
1042 2511 1182 2552 septima
1214 2507 1294 2552 sqq?
1320 2513 1373 2547 ita
1404 2508 1490 2547 nata
1515 2523 1588 2547 csse

1310 2587 1332 2621 2
