1709 2978
693 143 967 185 -62—

452 837 773 893 Sententiae
813 826 1217 896 controversae.

192 1124 231 1176 1)
270 1122 321 1165 In
356 1123 584 1180 Hippolyto
624 1126 761 1168 velato
790 1125 1049 1182 Hippolytus
1090 1126 1260 1167 ultimae
1301 1137 1451 1167 scenae
1491 1137 1575 1165 non

77 1191 243 1233 videtur
278 1192 520 1233 interfuisse
559 1192 625 1246 (cf.
658 1193 741 1235 Leo
773 1193 934 1235 observ.
968 1194 1054 1234 crit.
1090 1194 1140 1235 de
1170 1193 1264 1235 Sen.
1295 1196 1396 1248 trag.
1427 1206 1464 1247 p.
1496 1192 1575 1233 180

78 1272 98 1301 s
162 1292 202 1302 ..

102 1273 158 1315 qq
174 1260 235 1394 )2)
265 1339 478 1383 Phaedrae
520 1353 699 1396 persona
740 1342 853 1396 apud
891 1341 1093 1383 Senecam
1135 1355 1189 1383 ex
1227 1339 1412 1383 Phaedra
1451 1341 1577 1394 primi

79 1409 120 1447 et
150 1407 322 1449 alterius
351 1408 573 1462 Hippolyti
604 1409 889 1464 conglutinata
918 1413 991 1449 est.

193 1508 235 1561 3)
270 1507 320 1549 In
353 1508 625 1563 Antiphontis
661 1505 768 1549 κατὰ
804 1511 876 1557 τῆς
913 1497 1098 1565 μητρυίας
1129 1509 1312 1549 oratione
1344 1507 1576 1549 iterandum

79 1586 232 1639 censeo
263 1577 306 1616 in
337 1576 457 1616 initio
487 1569 646 1630 paragr.
670 1575 752 1616 VII
778 1575 955 1617 verbum
980 1568 1247 1623 Ἐπεξελθών
1276 1578 1400 1630 atque
1427 1574 1515 1616 cod.
1538 1575 1577 1615 A

80 1642 328 1695 scripturam
359 1642 430 1697 μὲν
457 1636 532 1698 γάρ
565 1643 838 1683 retinendam.

191 1746 234 1795 4)
262 1745 436 1798 Antiph.
467 1745 596 1786 tetral.
628 1744 684 1796 11,
714 1745 753 1796 3,
785 1744 835 1785 10
865 1745 982 1797 lege:
1012 1739 1088 1790 Ὠς
1117 1738 1164 1782 δὲ
1193 1737 1274 1782 οὐδ’
1308 1737 1351 1790 ἐξ
1381 1736 1436 1782 ὧν
1465 1742 1578 1783 αὐτοὶ

78 1809 261 1866 λέγουσιν
288 1814 361 1859 τῆς
389 1807 583 1868 ἁμαρτίας
611 1813 684 1852 τοῦ
715 1808 910 1859 ἀκουσίὼς
939 1807 1168 1850 ἀποκτεῖναι
1203 1803 1431 1861 ἀπολύεται,
1471 1806 1578 1850 ἀλλὰ

652 1875 937 1892 11111

79 1944 311 1987 ἀποκτεῖναι
340 1940 384 1995 ἐξ
414 1939 468 1987 ὧν
499 1944 614 1987 αὐτοὶ
640 1944 823 2001 λέγουσιν
851 1939 1101 2000 ἀπολύεται).

193 2050 232 2101 5)
261 2049 413 2090 Aesch.
447 2048 600 2102 Coeph.
632 2049 708 2090 561
744 2049 926 2091 conicio:

358 2109 444 2165 ἥξω
478 2111 545 2156 σὺν
574 2109 681 2173 ἀνδρὶ
709 2109 810 2169 τῷδ’
847 2113 903 2172 ἐφ’
939 2115 1106 2173 ἑρκείους
1134 2107 1261 2161 πύλας

358 2177 546 2236 Πυλάδῃ,
579 2177 674 2235 ξένῳ
703 2198 750 2223 τε
780 2184 846 2222 καὶ
874 2177 1066 2238 ’δορυξένῳ
1097 2175 1245 2236 δόμων.

80 2249 238 2303 (codd.:
274 2243 380 2298 ξένος
403 2264 450 2291 τε
479 2250 546 2290 καὶ
574 2243 805 2307 δορύξενος).

191 2351 230 2403 6)
263 2352 415 2394 Aesch.
449 2353 527 2407 Ag.
560 2352 641 2393 805
671 2364 883 2406 propono:

358 2424 422 2463 νῦν
450 2413 489 2460 δ’
525 2417 597 2460 οὐκ
624 2417 687 2460 ἀπ’
724 2417 845 2477 ἀκρᾶς
875 2419 1008 2477 φρένος
1037 2413 1122 2460 οὐδ’
1153 2416 1305 2474 ἀφίλως

359 2482 511 2545 εὔφρων
538 2480 655 2529 πόνον
684 2482 726 2530 εὖ
753 2486 952 2529 τελέσασι.

80 2556 210 2609 (codd.
230 2570 238 2597 :
270 2550 415 2608 πόνος).
