1709 2978
689 108 964 150 -19-

245 243 329 278 ιωπ
354 239 548 277 memorat
576 262 586 272 .
619 262 628 272 .
657 262 667 272 .

243 300 331 346 ‘hoc
355 302 511 358 siquam
538 299 670 342 cecinit
696 298 908 340 mismam
935 298 1028 339 diva
1054 297 1226 351 creatrix

215 363 219 367 ⁴
247 371 283 412 si
308 368 450 411 bellum
475 367 684 422 immiteret,
725 365 984 421 Volcaniaque
1012 380 1128 406 arma
1149 379 1229 419 per
1256 379 1379 407 aurae

248 437 425 478 latua-am
453 432 626 476 auxilio?
705 481 716 490 ,

82 506 186 547 nihil
212 507 352 547 autem
381 504 505 544 antea
529 500 583 542 de
610 501 817 555 promisso
836 499 1017 542 Veneris
1046 503 1087 542 et
1105 500 1158 542 de
1178 501 1299 555 signo
1320 500 1461 554 aliquo
1481 514 1575 542 nar·

80 575 203 615 ratur.
263 570 313 613 In
347 556 452 612 libro
494 568 622 610 altero
665 570 806 623 utpote
843 568 914 621 qui
944 565 1091 609 Troiae
1127 567 1341 609 excidium
1378 580 1467 609 rem
1500 580 1577 622 per

82 653 128 682 se
168 640 401 681 absolutam
441 639 482 678 et
524 646 620 677 cum
659 635 754 677 aliis
793 633 912 675 libris
932 654 934 657 ·
952 635 1028 674 vix
1064 634 1151 675 ullo
1182 634 1354 676 vinculo
1390 635 1574 676 iunctam

81 707 303 759 contineat,
340 717 474 747 unum
504 703 644 745 locum
673 703 854 758 proferre
887 712 1061 757 possum
1091 702 1218 743 etiam
1246 701 1358 743 hunc
1387 702 1471 744 iam
1501 715 1575 744 110-

82 775 286 815 minatum
323 774 364 813 et
398 771 666 826 explicatum,
703 770 950 811 vaticinium
982 768 1164 810 Creusae
1197 783 1237 812 v,
1270 769 1350 809 788
1377 781 1469 824 sqq.
1501 770 1575 810 sed

82 840 178 883 vide
207 841 253 882 in
283 841 430 895 quarto
459 852 499 879 v.
531 839 636 880 425:

247 921 326 947 non
353 920 421 960 eqo
449 919 538 945 cum
566 904 728 945 Danais
765 905 976 946 Troianam
1005 904 1226 945 emsa-indere
1251 910 1401 957 ymtem
1437 908 1442 915 '

247 971 393 1013 Aulide
419 971 550 1012 iuravi
573 970 776 1012 classemve
803 972 860 1011 acl
888 970 1089 1025 Peryama
1117 970 1209 1011 misi

248 1053 316 1080 nec
334 1039 470 1091 patris
496 1037 691 1078 Anchisae
718 1038 861 1079 cineres
884 1052 1062 1080 manesve
1090 1038 1231 1080 revelli.

82 1108 132 1149 ci.
173 1106 388 1149 Servium:
424 1100 662 1146 ‘sciendum
711 1117 837 1158 sane,
859 1095 1104 1147 'Varronem
1151 1105 1288 1147 dicere
1326 1104 1572 1148 Diomedem

83 1178 201 1216 eruta
217 1173 428 1215 Anchisae
459 1185 555 1214 ossa
582 1172 669 1213 filio
698 1170 961 1214 reddidisse'.
1007 1172 1129 1213 Hanc
1156 1171 1341 1213 fabulam
1360 1172 1573 1228 Vergilius

83 1240 292 1284 erroribus
317 1240 490 1282 Aeneae
520 1239 733 1294 implicare
765 1240 935 1281 omnino
963 1238 1174 1294 nequibat.
1233 1239 1373 1294 Atque
1403 1239 1502 1281 655:

248 1308 390 1347 urbem·
405 1308 664 1360 praeclaram
691 1308 811 1347 ‚statui
836 1321 924 1347 mea
951 1307 1104 1347 moenia
1131 1307 1215 1346 vidi

246 1375 330 1416 ulta
359 1375 488 1414 virum
509 1387 662 1427 poenas
691 1374 847 1414 inimico
872 1388 898 1413 a
916 1374 1054 1428 fratre
1081 1373 1221 1426 recepi.

85 1444 135 1484 de
173 1443 239 1483 his
280 1442 428 1496 poenis
469 1441 573 1482 nihil
610 1441 656 1481 in
694 1442 827 1495 primo
867 1440 974 1481 libro
1016 1441 1314 1493 comperimus3
1355 1440 1459 1482 adde
1495 1441 1575 1493 his,

88 1522 195 1564 quae
239 1508 291 1550 de
331 1507 489 1562 Grynio
531 1507 728 1563 Apolline
775 1510 816 1549 et
859 1506 1039 1548 sortibus
1079 1505 1218 1559 Lyciis
1260 1509 1356 1548 ante
1394 1509 1574 1562 exposui

87 1579 141 1630 (v,
172 1577 264 1617 345.
296 1576 379 1629 46).
451 1575 500 1616 In
530 1578 649 1616 sexto
680 1574 785 1616 libro
814 1574 924 1629 apud
953 1575 1107 1616 inferos
1136 1573 1334 1616 Palinuro
1364 1576 1463 1617 dicit
1491 1578 1574 1617 Ae·
1599 1625 1606 1636 ⁸

83 1654 187 1684 neas
213 1655 252 1682 v,
287 1642 390 1684 344:

249 1709 319 1750 lwc
348 1725 424 1750 uno
452 1725 637 1763 responso
662 1703 838 1750 animum
867 1710 1005 1750 delusit
1032 1708 1179 1761 Apollo

250 1776 320 1831 qui
338 1776 433 1831 fore
461 1779 495 1818 te
515 1784 641 1830 ponto
669 1776 897 1818 incolumem
914 1776 1087 1831 finisque
1112 1775 1270 1816 canebat

247 1850 449 1884 veraurum
476 1845 683 1885 Ausonios.
713 1858 759 1885 en
786 1843 880 1886 haec
901 1843 1102 1897 promissa
1119 1842 1226 1897 fides
1253 1842 1335 1882 est?

195 1908 298 1960 Quis
337 1923 392 1952 ex
428 1912 494 1953 his
540 1911 658 1953 libris
694 1912 856 1967 primus
894 1912 1070 1965 scriptus
1109 1911 1162 1951 sit
1199 1910 1449 1952 contendere
1486 1924 1573 1953 11011

83 1977 238 2029 aude03
280 1979 442 2032 primus
473 1992 572 2021 vero
601 1979 707 2022 liber
735 1978 902 2020 videtur
936 1980 1189 2034 compositus
1223 1980 1318 2032 post
1352 1980 1572 2033 quartum3

83 2057 181 2086 nam
208 2047 380 2087 mutatio
409 2046 481 2088 illa
499 2047 674 2088 Ascanii
703 2049 744 2088 et
771 2045 990 2104 Cupidinis
1019 2048 1064 2088 in
1096 2047 1239 2101 quarto
1269 2045 1376 2087 libro
1405 2059 1492 2088 non
1521 2047 1574 2089 ad

83 2110 212 2152 finem
250 2112 510 2166 perducitur3
551 2127 690 2169 neque
730 2116 766 2155 si
802 2116 886 2155 iam
914 2114 1098 2168 primum
1127 2113 1373 2155 confecisset
1406 2113 1575 2170 librum,

83 2179 130 2219 in
159 2181 303 2233 quarto
332 2177 553 2222 Didonem·
569 2184 691 2236 poeta
718 2181 923 2223 dicentem
952 2181 1087 2222 facere
1115 2183 1294 2234 poterat:
1334 2180 1419 2221 ulta
1447 2182 1575 2222 virum

79 2258 231 2297 poenas
269 2246 423 2287 inimico
466 2261 493 2287 a
514 2247 659 2303 *fratre
698 2248 837 2302 recepi.
895 2246 1073 2289 Videtur
1110 2249 1235 2289 etiam
1277 2249 1425 2290 sextus
1469 2248 1577 2292 liber

82 2312 195 2367 prior
229 2325 347 2366 esse3
390 2327 489 2356 nam
522 2317 559 2357 si
586 2316 727 2363 locum
756 2317 879 2371 primi
911 2315 1003 2357 libri
1035 2316 1257 2369 102—123‚
1289 2315 1363 2357 ubi
1393 2315 1574 2360 Orontes

83 2378 172 2420 dux
208 2377 420 2432 Lydorum
462 2383 643 2437 procella
678 2383 728 2424 ab
766 2383 898 2425 Aeolo
929 2385 1040 2424 mota
1074 2383 1120 2423 in
1150 2382 1341 2436 Syrtibus
1371 2386 1471 2426 navi
1502 2397 1576 2427 ex-

83 2458 234 2487 cussus
265 2450 306 2487 et
332 2446 531 2491 fluctibus
562 2463 726 2492 mersus
756 2449 1015 2502 describitur,
1045 2452 1141 2490 ante
1171 2451 1315 2492 oculos
1345 2451 1575 2506 habuisset,

83 2515 193 2554 certe
220 2525 305 2554 non
336 2516 575 2570 scripsisset
600 2529 770 2573 prorsus
799 2518 845 2559 in
876 2517 1124 2559 universum
1151 2516 1227 2571 VI,
1257 2517 1360 2559 333:

1297 2601 1341 2636 2*
