1709 2978
715 84 961 128 ...g-

201 208 335 263 Igitur
363 210 446 251 duo
477 211 578 251 anni
607 219 808 263 errorum,
839 222 946 264 quos
965 210 1011 251 O.
1031 210 1188 264 posuit,
1218 212 1326 251 stare
1356 209 1586 262 nequeunt,

88 287 228 330 neque
245 276 438 330 cogimur
464 280 512 318 ut
530 277 624 319 vult
640 277 712 319 ille
733 279 928 330 statuere,
942 275 1180 333 Vergilium
1199 277 1323 319 aliam
1351 277 1586 329 temporum

86 336 292 382 rationem
322 343 566 384 adhibuisse
604 345 650 384 in
686 344 830 395 tertio,
871 343 996 383 aliam
1024 344 1070 383 iu
1100 345 1247 398 quinto
1274 341 1381 384 libro
1408 340 1587 394 ideoque

88 407 284 463 colligere
312 410 484 452 tertium
513 410 667 452 librum
686 410 832 464 primis
854 409 990 464 operis
1019 412 1143 452 annis
1173 409 1451 465 compositum
1480 417 1586 448 esse.

86 472 294 529 Reliquae
335 488 489 519 causae
532 491 557 519 a
597 474 684 519 C.’0
725 476 900 530 allatae,
949 476 1106 531 quibus
1148 479 1241 532 ipse
1284 487 1371 519 nou
1409 474 1587 517 multum

86 540 234 584 tribuit
269 543 327 597 (p.
355 544 424 596 22)
465 544 569 587 nihil
600 543 801 599 probant3
847 543 967 586 dicit:
1015 539 1141 599 „‘olli’
1187 548 1229 588 et
1260 541 1384 588 ‘ollis'
1421 543 1588 596 formas,

89 611 244 666 quibus
284 614 332 654 in
374 611 588 653 Bucolicis
626 615 668 653 et
708 611 922 666 Georgicis
952 623 1165 667 nusquam
1192 626 1300 655 usus
1323 614 1409 665 est,
1452 622 1504 652 ne
1542 610 1589 651 in

90 678 277 720 secundo
320 678 493 735 quidem
527 679 597 721 vel
636 679 758 721 tertio
797 681 998 734 quartove
1026 680 1232 722 Aeneidis
1270 679 1375 722 libro
1408 689 1589 734 usquam

88 747 322 800 usurpavit,
364 760 462 788 cum
503 748 547 788 in
577 747 598 787 l
630 747 774 800 semel,
818 748 863 788 in
901 747 963 787 VI
993 746 1073 800 bis,
1117 749 1163 788 in
1190 748 1228 787 V
1249 748 1506 802 quinquie&
1543 746 1588 785 in

88 812 393 868 posterioribus
429 812 547 855 libris
578 813 746 869 saepius
784 813 1019 867 admiserit3
1065 813 1315 869 procedente
1354 813 1468 855 enim
1502 822 1589 854 car-

89 882 204 921 mine
232 881 342 922 ultra
372 880 615 934 dimidium,
650 883 735 922 nisi
772 882 915 934 opinio
945 894 1014 922 me
1039 881 1166 934 fallit,
1204 884 1252 922 ut
1291 883 1500 936 poeticum
1524 881 1590 921 in-

88 948 263 1002 genium
306 946 512 989 deferbuit
553 949 613 989 ita
657 951 698 989 et
739 947 1040 990 rhetoricarum
1079 949 1232 990 artium
1277 950 1319 989 et
1360 947 1589 1003 priscarum

88 1014 317 1056 formarum
344 1014 532 1056 studium
559 1015 774 1057 incaluit.“
823 1014 968 1057 Potest
990 1016 1070 1057 hoc
1094 1017 1206 1056 recte
1230 1015 1462 1068 Judicatum
1481 1026 1590 1066 esse,

91 1080 167 1122 sed
195 1083 281 1123 toto
308 1082 429 1124 tertio
466 1080 572 1123 libro
609 1082 712 1124 haec
752 1083 888 1138 prisca
923 1080 1056 1126 forma
1082 1093 1169 1123 uno
1208 1081 1299 1124 loco
1325 1081 1426 1137 poni
1454 1082 1591 1135 potest

89 1161 128 1188 v.
171 1148 254 1188 214
293 1144 457 1188 ‘tri-stim
502 1149 599 1189 hauc
637 1149 713 1189 illis
749 1149 995 1204 monstmm’,
1039 1149 1114 1190 sed
1152 1148 1316 1202 dubito,
1358 1159 1462 1189 num
1484 1159 1590 1197 ¹om—

88 1217 191 1257 nino
220 1217 267 1257 in
298 1217 488 1259 oratione
518 1217 675 1259 directa
700 1218 964 1270 inveniatur3
996 1215 1149 1259 deinde
1180 1218 1288 1258 errat
1317 1215 1375 1269 O.,
1404 1214 1516 1270 quod
1543 1215 1589 1255 in

89 1285 236 1338 quarto
256 1282 362 1326 libro
383 1284 492 1326 hanc
512 1284 688 1327 formam
708 1285 892 1326 inveniri
913 1286 1059 1340 negat3
1086 1286 1226 1326 exstat
1243 1282 1320 1338 lv,
1342 1282 1431 1336 105,
1450 1293 1589 1337 neque

90 1352 349 1392 dissentiunt
376 1351 554 1392 codices.
614 1352 682 1392 Ad
702 1355 938 1392 extremum
959 1351 1070 1405 quod
1092 1354 1247 1404 monet,
1276 1352 1322 1392 in
1341 1351 1462 1391 tertio
1484 1342 1592 1390 libro

90 1418 282 1460 Aeneam
311 1417 443 1460 semel
467 1430 536 1460 res
562 1417 852 1461 deliberandas
876 1413 946 1461 ‘ad
972 1430 1164 1474 proceres
1192 1416 1359 1462 referre’
1387 1416 1446 1471 (v.
1466 1416 1520 1459 58
1538 1415 1587 1458 cf.

95 1485 193 1539 103)
223 1497 321 1525 cum
361 1484 462 1525 alibi
489 1498 660 1540 prorsus
690 1488 802 1541 rogis
830 1487 925 1527 vice
953 1486 1165 1541 fungatur,
1192 1488 1305 1526 recte
1333 1481 1589 1525 Ribbeckius

90 1553 196 1594 mihi
223 1552 390 1594 videtur
417 1553 707 1607 contendisse,
747 1547 1102 1610 ,lconsentaneum
1133 1564 1228 1594 esse
1257 1563 1444 1594 errorum
1472 1551 1590 1592 initio

90 1622 132 1661 et
155 1620 255 1660 vivo
295 1620 421 1661 etiam
458 1622 574 1675 patre
612 1632 690 1662 sua
715 1622 872 1676 'ipsum
909 1621 1152 1663 auctoritate
1188 1620 1332 1661 minus
1369 1617 1591 1672 confidere,

89 1690 254 1729 mortuo
285 1687 357 1729 illo
385 1688 495 1729 inter
522 1688 689 1742 ignotos
718 1691 760 1730 et
785 1688 928 1730 hostes
957 1689 1146 1729 maxime
1174 1687 1219 1727 in
1250 1685 1361 1737 bello
1381 1697 1589 1727 summam

91 1754 231 1796 eidem
260 1755 506 1809 potestatem
537 1768 562 1796 a
588 1756 713 1797 sociis
744 1755 922 1797 delatam
953 1746 1088 1798 esse{“

201 1819 309 1875 Ergo
348 1832 405 1861 ex
435 1820 511 1862 031
545 1820 835 1864 dissertatione
865 1822 917 1864 de
945 1825 1157 1877 tempore,
1199 1833 1283 1877 quo
1311 1820 1459 1862 tertius
1486 1818 1592 1862 liber

89 1888 347 1942 compositus
377 1888 444 1941 sit,
472 1901 558 1929 non
583 1889 778 1931 videmur
805 1891 1002 1931 ce1tiores
1031 1889 1137 1931 fieri.
1180 1888 1431 1930 Lucraturos
1451 1890 1590 1929 autem

90 1967 169 1996 nos
188 1953 349 2008 aliquid
377 1954 552 1996 arbitror
580 1956 631 1996 ad
661 1956 768 1997 hanc
789 1957 1080 2011 quaestionem
1109 1955 1368 2007 solvendam,
1398 1955 1497 1995 siin
1517 1965 1591 1995 eos

91 2022 206 2064 locos
235 2022 518 2076 inquiramus,
549 2022 705 2078 quibus
726 2024 794 2066 hic
814 2023 920 2066 liber
948 2023 1000 2066 ab
1030 2024 1124 2066 aliis
1154 2023 1382 2066 abhorreat.
1420 2022 1477 2063 At
1505 2033 1590 2063 non

90 2092 147 2130 ita
165 2089 519 2144 progrediendum
540 2103 635 2131 esse
656 2103 809 2132 censeo
830 2094 877 2132 ut
896 2092 933 2132 si
952 2091 1092 2133 locum
1111 2091 1163 2132 ab
1184 2091 1266 2131 alio
1286 2089 1590 2143 discrepantem

90 2157 403 2210 invenerimuS,
446 2156 660 2200 dicamus:
707 2159 775 2201 hic
814 2159 933 2200 locus
975 2161 1077 2214 quia
1115 2158 1301 2214 neglegit
1343 2155 1454 2212 quod
1491 2150 1590 2199 a‘libi

90 2227 293 2277 narratur,
320 2225 436 2278 prior
465 2226 644 2278 scriptus
674 2229 758 2279 est,
789 2239 943 2280 neque,
971 2227 1014 2268 id
1043 2226 1155 2280 quod
1183 2225 1477 2278 falsissimum,
1507 2225 1591 2265 nisi

91 2292 143 2334 de
172 2304 218 2334 re
246 2291 459 2335 levidensi
488 2293 636 2347 agitur,
665 2293 742 2335 hoc
770 2294 861 2336 loco
890 2292 1044 2336 oblitus
1074 2294 1139 2335 est
1166 2294 1302 2347 poeta,
1333 2304 1442 2347 quae
1470 2293 1592 2334 autea

91 2360 333 2414 scripserat,
377 2358 450 2400 sed
481 2362 528 2399 ut
557 2372 612 2400 cx
653 2360 868 2402 amborum
898 2362 1084 2403 locorum
1122 2359 1262 2401 indole
1291 2362 1415 2414 atque
1444 2361 1592 2401 natura

91 2438 358 2481 quaeramus,
398 2427 542 2467 'utrum
570 2425 785 2482 Vergilius
827 2429 879 2470 ad
922 2430 1160 2470 extremum
1206 2428 1321 2482 operi
1362 2427 1591 2469 immanere
