1709 2978
726 82 973 123 -5-

109 208 258 260 exstet,
286 208 411 248 etiam
436 209 561 261 poeta
588 208 699 248 certe
726 218 812 249 non
841 206 963 248 nobis
992 206 1129 247 dicere
1155 206 1258 259 vult,
1286 206 1474 248 Aeneam
1501 206 1596 247 fun-

108 273 303 315 damenta
330 273 492 316 tantum
524 275 741 316 moenium
770 275 863 315 eius
890 274 1041 315 iecisse
1071 273 1144 314 sed
1174 275 1234 315 uti
1263 286 1337 328 par
1365 277 1430 315 est
1449 273 1596 316 urbem

109 340 344 383 condidisse
384 348 425 382 et
463 342 752 393 exstruxisse3
797 354 1032 395 repugnare
1072 341 1223 382 deinde
1260 341 1434 383 arbitror
1469 342 1596 382 etiam

109 409 245 462 ipsius
274 408 451 464 Vergilii
465 409 497 462 1)
526 407 655 449 verba
683 407 760 462 ΠΙ,
785 407 862 449 69:

273 477 364 518 inde
389 476 458 517 ubi
475 475 618 529 pm'ma
632 463 740 531 fides
759 474 905 529 pelaqo
926 474 1165 529 phwataque
1191 474 1293 515 venti

276 544 372 583 dant
398 543 530 584 maria
559 550 592 584 et
620 543 715 583 lenis
739 543 932 596 crepitans
958 548 1066 582 vocat
1094 548 1224 582 auster
1251 541 1293 582 in
1320 541 1445 582 altum

276 611 470 652 deducunt
497 609 592 650 socii
617 610 739 650 navis.

110 681 269 720 rectum
303 678 474 720 demum
511 689 684 719 sensum
716 677 818 718 mihi
846 676 889 717 hi
917 687 1066 718 versus
1099 674 1287 729 accipere
1316 677 1525 728 videntur,
1561 676 1596 716 si

109 746 221 786 veris
249 745 418 787 initium
442 747 609 799 poetam
638 743 873 800 significare
904 745 1149 785 statuimus:
1176 744 1314 784 ventis
1334 746 1428 798 post
1445 742 1596 783 hiemis

110 814 378 866 tempestates
416 811 570 853 sedatis
610 812 785 853 simulac
819 822 934 852 mare
969 812 1146 865 primam
1174 810 1301 851 fidem
1329 809 1451 851 nobis
1480 822 1598 864 prae-

110 878 201 920 buit
229 879 438 921 secundae
466 879 747 934 navigationis
775 881 815 919 et
846 881 998 931 auster,
1036 878 1194 919 etesius
1223 877 1492 930 ventus,-qui
1520 876 1598 917 hoc

109 948 294 1001 tempore
333 946 435 988 flare
476 947 593 1000 solet,
630 949 744 988 ortus
781 949 857 999 est,
896 957 1026 987 naves
1065 945 1281 986 solvimus.
1350 942 1597 985 Simillimus

202 1128 240 1167 1)
273 1127 439 1172 Fortasse
464 1124 510 1168 ¹in
539 1124 636 1159 fonte
668 1136 804 1170 quoque
829 1125 903 1159 eius
929 1125 1016 1159 haec
1041 1123 1152 1158 hiems
1178 1123 1215 1157 in
1240 1123 1392 1158 Thracia
1414 1125 1597 1157 transacta

110 1183 367 1224 inveniebat-,un
397 1183 587 1227 Dionysius
612 1181 751 1227 quidem
776 1192 879 1226 quem
903 1184 1042 1227 praeter
1065 1181 1152 1215 alios
1177 1180 1284 1215 etiam
1303 1180 1455 1225 Vergilii
1479 1180 1594 1215 fontes

111 1240 311 1276 adhibuisse
334 1240 414 1285 plus
438 1250 506 1274 uno
532 1239 608 1273 loco
632 1237 807 1280 docemur,
832 1237 884 1273 bis
909 1238 956 1281 (Ι,
974 1238 1030 1274 48.
1049 1239 1112 1283 63)
1137 1239 1269 1279 narrat,
1295 1236 1466 1272 Troianos
1482 1238 1596 1271 totam

110 1298 262 1333 hiemem
283 1298 321 1332 in
345 1296 498 1332 Thracia
528 1298 682 1331 moratos
713 1307 797 1331 esse.
846 1295 1069 1341 Quantopere
1093 1306 1173 1330 vero
1198 1295 1236 1329 in
1260 1293 1434 1329 erroribus
1458 1292 1597 1328 Aeneae

110 1354 293 1390 narrandis
309 1354 488 1398 Vergilius
512 1353 664 1397 vestigia
687 1353 842 1387 auctoris
866 1353 922 1387 sui
944 1352 1122 1398 presserit,
1147 1362 1252 1396 quam
1277 1361 1390 1396 pauca
1405 1351 1480 1396 ipse
1498 1350 1597 1385 addi-

110 1412 203 1447 derit
227 1431 271 1437 -
294 1421 407 1456 neque
430 1412 507 1446 erat
530 1410 571 1451 is,
597 1410 657 1455 qui
680 1410 811 1445 summi
833 1409 969 1454 ingenii
984 1410 1099 1444 instar
1116 1419 1245 1453 magna
1262 1419 1303 1443 ac
1319 1419 1409 1443 nova
1423 1408 1600 1444 inveniret

110 1469 171 1504 sed
203 1469 291 1503 satis
322 1467 448 1502 habuit
476 1467 610 1502 tradita
642 1478 751 1511 eaque
783 1467 911 1501 eximia
940 1467 1128 1510 diligentia
1159 1466 1325 1508 colligere
1350 1469 1387 1500 et
1411 1466 1507 1510 operi
1536 1476 1598 1499 suo

110 1524 373 1561 accommodare
392 1544 432 1549 —
453 1522 611 1559 videmus
635 1534 676 1558 ex
693 1523 953 1569 comparatione
968 1523 1130 1568 Dionysii
1154 1522 1197 1566 (Ι,
1214 1521 1365 1567 49-53)
1389 1522 1490 1557 Hanc
1505 1532 1599 1557 com-

110 1581 329 1627 parationem
356 1581 463 1616 etiam
488 1580 532 1615 ad
554 1579 857 1625 interpretandum
876 1579 1027 1623 Vergilii
1049 1582 1188 1615 textum
1206 1579 1339 1624 aliquid
1357 1579 1471 1613 valere
1489 1590 1597 1613 unum

108 1638 233 1674 doceat
262 1638 480 1683 exemplum3
513 1636 556 1671 de
585 1647 687 1671 versu
717 1636 786 1678 ΠΙ,
811 1636 879 1671 470
901 1634 1011 1669 ‘addit
1034 1647 1132 1678 equos
1157 1635 1312 1677 additque
1336 1632 1445 1668 duces'
1473 1646 1602 1680 magna

110 1697 164 1730 est
187 1695 368 1730 contentio
394 1694 722 1734 commentatorum,
748 1692 832 1738 quid
855 1693 904 1728 sit
920 1689 1060 1728 'duces'.
1095 1693 1228 1728 Tamen
1247 1703 1287 1727 ex
1303 1691 1467 1736 Dionysii
1484 1692 1598 1728 verbis

110 1756 203 1797 (cap.
231 1754 313 1795 51):
351 1752 504 1796 διαίρουσι
539 1746 594 1785 τὸν
621 1746 742 1793 Ἰόνιον,
776 1746 935 1795 ἡγεμόνας
970 1748 1094 1794 ἔχοντες
1130 1750 1186 1793 τῆς
1214 1749 1372 1788 ναυτιλίας
1397 1746 1598 1795 Ἀκαρνᾶνας,

111 1810 198 1845 satis
227 1810 352 1851 elucet,
381 1809 580 1853 Vergilium
611 1808 679 1843 1100
709 1808 785 1843 1000
817 1807 951 1843 fontem
986 1809 1023 1842 et
1054 1818 1157 1842 suum
1191 1808 1228 1842 et
1250 1807 1413 1851 Dionysii
1437 1810 1598 1842 secutum

112 1880 197 1908 esse,
229 1868 266 1903 in
297 1879 364 1912 quo
396 1867 501 1902 duces
532 1867 586 1902 illi
619 1866 823 1905 exstabant3
858 1865 1008 1900 fortasse
1039 1865 1083 1899 ad
1115 1864 1359 1910 explicandum
1390 1866 1599 1901 vocabulum

111 1924 337 1960 hemistichio
369 1926 493 1969 postea
518 1923 745 1958 enunciatum
769 1922 956 1957 relativum
980 1921 1181 1957 addidisset.
1230 1921 1361 1956 Eodem
1387 1922 1488 1956 modo
1513 1922 1601 1957 For-

111 1981 270 2026 bigerum
307 1981 423 2016 locum
459 1981 650 2026 explicasse
686 1978 805 2019 video;
841 1978 931 2013 nihil
967 1981 1090 2013 contra
1122 1978 1271 2023 protulit
1301 1977 1462 2022 Kvicala:
1501 1979 1600 2014 Neue

112 2038 278 2082 Beitrage
302 2048 363 2072 zur
384 2038 586 2081 Erkliirung
609 2036 671 2073 der
694 2036 832 2071 Aeneis.
882 2036 979 2079 Prag
1002 2034 1100 2070 1881.
1150 2044 1230 2079 pag.
1256 2034 1311 2068 62.

202 2094 302 2130 Nihil
329 2096 448 2130 autem
476 2095 635 2136 interest,
666 2093 758 2139 quod
787 2093 977 2138 Dionysius
1002 2096 1095 2137 (cap.
1119 2091 1164 2126 49
1194 2090 1233 2130 εἰς
1262 2087 1391 2137 Θρᾴκην
1420 2089 1602 2140 ἀφικόμενοι

112 2149 195 2187 κατὰ
220 2152 278 2196 τῆν
301 2148 508 2196 χερσόνησον,
537 2149 559 2195 ἦ
583 2151 723 2185 καλεῖται
745 2147 899 2193 Παλλήνη
924 2148 1110 2195 ὡρμίσαντο
1140 2160 1215 2194 cap.
1240 2150 1286 2185 50
1315 2148 1349 2183 ἐκ
1374 2149 1409 2183 δὲ
1433 2152 1489 2194 τῆς
1512 2151 1601 2185 Παλ-

112 2207 210 2255 λήνης
244 2205 374 2254 ἄραντες
399 2235 406 2242 .
433 2235 440 2242 ·
467 2211 494 2254 -)
552 2211 706 2245 Aeneam
742 2207 960 2244 Chalcidicos
999 2208 1139 2249 urbem,
1176 2207 1355 2251 Vergilius
1391 2209 1529 2243 Aenum
1565 2210 1602 2243 in

115 2268 266 2304 Thracia
289 2267 495 2302 chersoneso
521 2268 627 2302 sitam
651 2266 829 2306 nominat3
867 2268 1017 2311 utraque
1040 2265 1160 2300 fabula
1185 2265 1368 2310 divulgata
1391 2268 1486 2306 erat;
1510 2267 1603 2312 apud

115 2325 154 2369 Q.
173 2324 359 2360 Lutatium
383 2324 581 2368 legebatur:
605 2321 773 2359 'Aeneam
796 2323 949 2369 primum
966 2322 1153 2358 Thraciam
1178 2323 1374 2368 appulsum,
1399 2325 1537 2358 Aenum
1562 2335 1603 2358 ex

114 2394 176 2418 suo
208 2382 349 2417 nomine
381 2381 577 2416 condidisse
609 2381 689 2416 dein
723 2380 867 2425 cognita
890 2380 1169 2424 Polymnestoris
1203 2379 1348 2425 perfidia
1373 2391 1415 2414 ex
1438 2380 1604 2423 Polydori

115 2450 199 2475 nece
229 2438 310 2474 inde
339 2434 558 2482 digressum'.
607 2439 725 2483 Atque
755 2437 846 2473 hanc
875 2436 1031 2472 fabulam
1061 2448 1127 2483 par
1151 2439 1206 2473 est
1228 2438 1354 2482 poetae
1378 2437 1493 2481 magis
1517 2436 1603 2471 arri-

115 2497 211 2540 sisse,
237 2496 319 2542 quia
341 2495 507 2540 Polydori
531 2498 680 2531 mortem
704 2494 922 2530 describendi
946 2494 1165 2531 occasionem
1189 2494 1381 2541 praeberet.
