1709 2978
689 97 964 140 -45-

81 234 178 264 cum
213 222 294 264 alia
330 223 383 263 sit
421 223 546 276 atque
587 233 637 262 ea
677 234 762 275 qua
789 212 967 264 verbum
994 220 1161 264 finitum
1194 222 1249 263 sit
1277 221 1569 275 compositum.

80 288 336 347 Praepositio
361 284 416 330 ‘a’
446 290 587 331 autem
614 287 700 330 fere
728 301 892 345 semper
919 290 1129 345 propriam
1158 290 1246 331 vim
1272 284 1336 333 ‘in
1355 288 1430 331 der
1448 286 1573 330 Rich-

80 359 186 412 tung
204 356 302 400 von’
330 358 421 398 sive
436 353 540 397 ‘von
560 353 645 397 her‘
681 368 780 410 prae
809 369 856 398 se
884 357 971 398 fert.
1018 357 1067 398 cf.
1089 369 1266 412 quaeso:
1296 355 1330 410 1,
1347 357 1430 397 448
1457 370 1573 398 aerea

11 455 13 458 ι
80 425 144 465 eui
180 424 370 479 qradibus
411 423 619 477 suryebant
653 422 802 465 limina.
860 423 915 478 Π,
944 425 1023 467 801
1063 425 1219 480 iamque
1257 424 1358 478 iuqis
1399 438 1573 465 summae

79 492 258 546 suryebat
286 490 453 547 Lucifer
481 491 593 531 Idae.
651 489 727 544 IH,
758 491 838 532 513
872 491 966 531 haut
995 492 1119 547 seynis
1152 499 1273 533 strato
1302 492 1428 546 suryit
1457 490 1572 533 Pali-

79 574 213 599 nurus.
271 558 329 613 X,
360 559 439 600 110
469 558 564 599 solio
593 565 675 598 tum
703 559 858 612 Iupiter
884 573 1004 600 aureo
1033 584 1088 589 —
1115 560 1250 613 suryit.
1289 562 1352 601 et:
1391 558 1469 613 Ill,
1491 560 1571 601 130

77 627 328 682 prosequitur
355 641 514 680 sur-qens
542 641 568 666 a
592 627 732 680 puppi
756 633 887 667 ventus
914 627 1048 668 euntis.
1107 626 1202 681 VII,
1230 627 1309 669 770
1347 634 1430 668 tum
1449 634 1573 681 pater

79 694 319 747 omnipotens
355 693 523 747 aliquem
551 693 775 746 ineliquata-3
808 695 858 734 ab
892 695 1041 734 umbris
1076 694 1280 734 mortalem
1313 695 1480 748 infernis
1517 696 1573 737 ad

79 760 228 801 lumina
262 774 419 813 suryere
457 761 568 800 vitae.
627 759 684 813 X,
715 762 768 802 28
807 768 920 816 atque
957 762 1096 802 iterum
1136 761 1177 801 in
1226 759 1389 802 Teucros
1425 761 1572 803 Aetolis

79 828 201 882 surgit
229 827 278 868 ab
305 826 432 881 Arpis
471 826 648 883 Tydides.
706 827 796 868 vel:
830 826 864 881 I,
894 828 975 869 288
1018 827 1145 868 Iulius
1182 842 1208 867 a
1245 842 1388 882 maqno
1428 828 1570 870 demis-

78 909 165 935 sum
198 905 336 936 nomen
373 894 475 935 Iulo.
549 894 624 948 III,
655 896 707 935 35
744 896 879 949 proles
919 896 1180 951 demissaeque
1221 895 1272 935 ab
1312 896 1415 942 Iove.
1434 897 1569 950 yemis.

79 964 143 1003 et:
176 962 370 1003 demittere
395 962 558 1003 imbrem
586 962 690 1003 eaelo
721 963 767 1005 G.
791 963 824 1017 Ι,
846 964 912 1018 23,
941 977 1120 1004 cruorem
1148 962 1290 1017 iuyulis
1306 962 1360 1008 Gr.
1381 962 1454 1017 IV,
1476 964 1570 1017 542,

79 1045 196 1069 uvam
225 1031 349 1070 ramis
380 1031 460 1070 558
487 1032 561 1070 etc.

186 1096 315 1138 Nune
356 1109 454 1137 vero
497 1097 542 1137 in
587 1109 637 1138 ea
677 1096 804 1138 verba
840 1097 983 1151 paullo
1022 1099 1255 1139 accuratius
1290 1098 1569 1153 inquiramuS,

80 1176 256 1216 quorum
302 1166 508 1204 structura
545 1164 672 1205 dubia
704 1165 835 1205 videri
870 1167 1016 1218 potest,
1047 1166 1145 1218 quia
1174 1177 1320 1206 casum
1349 1177 1477 1219 quem
1505 1177 1569 1206 re-

77 1232 183 1284 gunt
209 1229 453 1285 dignoscere
484 1231 710 1285 nequimus
741 1232 880 1272 utrum
907 1230 1073 1272 dativus
1099 1244 1154 1282 an
1181 1230 1387 1273 ablativus
1417 1232 1482 1272 sit.

188 1297 416 1351 deripere
445 1310 611 1351 semper
640 1297 820 1340 ablativo
849 1299 1040 1339 iunctum
1060 1299 1243 1349 videtur3
1273 1312 1370 1340 nam
1394 1312 1492 1340 cum
1511 1311 1568 1340 ex

77 1363 152 1417 III,
186 1364 265 1405 266
296 1364 406 1406 litore
425 1365 570 1420 funem
599 1365 777 1419 deripere
806 1368 846 1406 et
874 1364 930 1418 X,
953 1365 1035 1406 475
1065 1365 1207 1420 vaqina
1236 1365 1414 1420 deripere
1443 1380 1568 1407 ensem

76 1444 200 1474 casus
226 1434 357 1475 forma
387 1435 487 1475 satis
516 1436 722 1488 appareat,
751 1433 827 1473 vix
856 1431 1031 1474 dubium
1063 1436 1139 1487 est,
1170 1435 1274 1488 quin
1303 1435 1448 1476 etiam:

205 1500 238 1550 I,
269 1502 346 1541 211
378 1508 533 1555 teryora
560 1501 759 1554 deripiunt
783 1501 905 1540 costis.

105 1568 151 1608 G.
183 1567 237 1622 Π,
268 1569 348 1609 242
378 1568 535 1623 colaque
553 1567 762 1621 prelorum
782 1567 955 1621 fumosis
984 1568 1119 1621 derilm
1146 1569 1262 1608 tectis.

162 1635 236 1688 IV,
268 1637 348 1677 593
378 1636 646 1690 deripientque
674 1642 777 1675 rates
804 1634 877 1674 alii
902 1635 1118 1676 navalibus.

159 1702 236 1756 XI,
270 1703 349 1744 193
378 1702 439 1744 hie
467 1702 540 1743 alii
565 1701 693 1756 spolia
722 1701 854 1742 occisis
881 1701 1044 1754 derepta
1072 1700 1231 1744 Latinis

376 1772 567 1813 coniciunt
594 1771 678 1824 iqui

74 1838 280 1880 ablativus
306 1828 392 1880 uon
423 1839 588 1880 dativus
618 1838 790 1892 legatur,

185 1909 380 1960 eripere
411 1906 550 1956 dativo
579 1918 784 1959 personae
812 1906 933 1959 iungi
960 1905 1217 1960 intellegitur
1245 1918 1268 1947 e
1296 1904 1488 1951 versibus
1508 1904 1564 1959 Π,

75 1975 153 2015 736
183 1973 281 2015 mihi
304 1987 447 2014 numen
473 1979 638 2013 mentem
664 1972 822 2026 eripuit,
862 1973 941 2014 738
967 1973 1025 2014 mi
1050 1980 1184 2027 erepta
1214 1973 1382 2017 Creusa‚-
1421 1972 1563 2026 itaque

73 2044 237 2085 dativus
275 2041 522 2086 statuendus
559 2042 685 2083 etiam
723 2040 798 2094 VI,
829 2041 909 2083 388
947 2040 1164 2082 thalamum
1207 2039 1361 2080 Teum-is
1400 2039 1563 2093 eripere,

72 2109 166 2164 XII,
188 2110 238 2150 31
264 2109 507 2162 promissam
535 2122 674 2162 yenero
694 2109 856 2162 eripere.
915 2108 1159 2152 Ablativum
1186 2108 1246 2151 rei
1275 2108 1456 2148 inveniri
1485 2120 1560 2163 par

72 2181 147 2230 est,
178 2178 214 2217 si
243 2177 422 2218 verbum
452 2177 673 2231 significat,
701 2189 847 2230 rapere
877 2176 1035 2230 aliquid
1054 2176 1123 2217 vel
1143 2175 1325 2227 aliquem
1345 2187 1401 2216 ex
1421 2175 1565 2228 aliqua

70 2259 134 2297 re3
164 2244 368 2299 legimus:
399 2245 543 2299 vagina
570 2244 720 2303 eripere
739 2243 940 2285 ensem-vel
949 2243 1112 2298 ferrum
1132 2239 1241 2296 (VII,
1262 2240 1354 2283 260.
1387 2240 1443 2296 X,
1464 2241 1563 2296 896)

71 2314 195 2366 atque
225 2312 406 2352 eundem
438 2324 613 2352 sensum
642 2312 854 2352 vindicare
885 2322 1111 2364 possumus
1140 2308 1357 2349 versibus:

199 2378 233 2434 I,
262 2379 341 2421 647
371 2393 535 2421 munera
561 2403 615 2409 -—
643 2378 783 2419 Iliacis
812 2384 943 2432 erepta
969 2377 1105 2419 ruinis.
1321 2371 1327 2377 ⁸

182 2446 236 2500 II,
266 2448 346 2487 289
376 2446 448 2486 keu
466 2447 568 2501 fuye
597 2453 685 2487 nate
715 2447 789 2486 dea
815 2453 922 2500 teque
949 2444 1022 2494 his,
1052 2445 1120 2493 ait,
1151 2445 1258 2498 eripe
1275 2444 1471 2500 flammis.

265 2514 345 2556 764
371 2528 473 2568 yaza
501 2540 551 2545 -—
583 2514 745 2557 incensis
774 2520 906 2568 erepta
934 2512 1074 2568 adytis.
