1709 2978
710 146 986 187 ..33-

214 270 348 315 Nemo
377 285 476 315 vero
506 270 688 326 negabit,
728 269 1024 326 dignissimum
1058 282 1153 313 esse
1181 269 1476 326 Vergilianum
1508 280 1593 312 ser-

103 352 286 392 monem,
315 341 383 381 cui
407 338 704 394 perscrutando
733 350 903 391 operam
931 338 1074 389 detur3
1100 350 1200 378 nam
1223 339 1406 392 primum
1435 336 1486 378 ab
1516 338 1594 378 hoc

103 406 367 461 potissimum
397 408 519 461 poeta
542 405 669 446 totius
699 405 841 459 opicae
868 405 967 445 artis
997 417 1105 460 quae
1135 405 1324 460 sequitur
1352 407 1393 447 et
1419 406 1522 447 ratio
1552 408 1594 447 et

107 475 234 515 oratio
262 473 427 528 pendet,
453 472 604 514 deinde
634 473 830 512 carminis
860 471 1014 512 heroici
1034 473 1218 513 condidit
1246 482 1406 514 novum
1433 474 1475 513 et
1501 485 1595 527 pro·

104 541 243 595 prium
272 553 521 594 sermonem,
562 542 687 594 atque
716 551 772 580 ex
799 537 1093 592 disquisitione
1119 540 1389 595 grammatica
1417 552 1594 581 consen-

103 610 274 650 taneum
313 610 378 649 est
414 607 526 662 apud
561 619 634 648 eos
665 606 884 660 scriptores
912 607 1112 648 maiorem
1137 607 1319 653 fluctum
1348 607 1594 661 redundare,

105 677 179 731 qui
217 688 453 718 sermonem
493 675 681 716 nondum
711 663 901 714 stabilem
930 686 978 714 ac
1006 673 1175 716 firmum
1204 675 1277 716 sed
1309 672 1431 730 quasi
1459 675 1595 717 fiuen-
1653 727 1658 731 ι

104 746 188 784 tem
218 756 294 784 suo
323 756 378 784 ex
403 744 575 797 ingenio
600 741 778 782 formant
802 743 926 795 atque
947 744 1199 796 computant,
1229 755 1355 796 quam
1376 743 1487 796 apud
1507 754 1593 795 eos,

105 811 178 864 qui
207 822 303 851 cum
333 821 569 850 sermonem
598 809 682 849 iam
712 809 985 849 constitutum
1017 811 1141 862 atque
1169 810 1292 850 certis
1322 809 1487 864 legibus
1516 810 1595 850 cir-

103 877 400 931 cumscriptum
430 878 603 918 tractent
632 888 741 916 nova
770 874 920 916 addere
951 879 1178 929 nequeunt.

214 943 427 999 Vergilius
455 945 661 998 quantum
688 942 810 984 video
831 954 1067 984 sermonem
1088 954 1214 984 suum
1234 938 1595 997 simplicissimum

103 1012 357 1053 conformare
388 1012 539 1064 studet,
570 1013 710 1052 tamen
740 1013 786 1051 ut
813 1011 873 1051 rei
904 1024 1031 1064 quam
1055 1012 1200 1052 tractat
1228 1012 1355 1051 etiam
1386 1011 1516 1050 oratio
1548 1022 1593 1050 se

103 1078 293 1133 applicet,
318 1078 408 1119 vult
435 1090 532 1118 eum
563 1077 703 1132 aliqua
733 1091 788 1119 ex
815 1080 929 1132 parte
957 1090 1130 1132 gravem
1157 1089 1252 1118 esse
1282 1090 1368 1118 non
1392 1077 1466 1118 illa
1491 1076 1595 1118 levi-

103 1147 197 1198 tate,
244 1158 326 1198 qua
365 1147 511 1198 postea
548 1143 723 1185 Ovidius
763 1146 947 1186 carmina
986 1146 1232 1198 composuit.
1299 1144 1448 1185 Effecit
1486 1144 1595 1185 hanc

103 1225 229 1266 quam
262 1211 353 1253 dico
395 1212 600 1253 sermonis
639 1213 883 1269 gravitatem
925 1224 1021 1253 cum
1060 1212 1153 1252 aliis
1193 1210 1378 1253 artificiis
1407 1214 1512 1264 tum,
1549 1213 1596 1252 ut

103 1280 386 1320 demonstrare
423 1291 549 1332 posse
589 1279 692 1319 mihi
721 1279 877 1331 videor,
916 1278 1109 1331 ablativo,
1147 1280 1332 1334 genuino
1361 1279 1481 1320 latini
1511 1290 1596 1319 ser-

104 1347 241 1387 monis
276 1358 390 1400 casu,
428 1345 602 1387 liberius
645 1358 770 1400 quam
810 1345 944 1387 adhuc
982 1345 1136 1387 factum
1178 1348 1265 1387 erat
1303 1346 1448 1401 posito.
1507 1345 1595 1388 Nec

103 1427 202 1455 vero
241 1414 320 1455 hoc
351 1415 411 1454 sic
439 1409 727 1467 accipiendum
757 1416 833 1466 est,
874 1414 996 1466 quasi
1027 1414 1126 1454 huic
1154 1415 1271 1454 casui
1300 1426 1432 1455 novas
1463 1415 1593 1466 signi-

102 1480 316 1522 ficationes
346 1480 597 1535 implicuerit
614 1480 698 1521 sed
729 1505 781 1511 —-—
813 1483 857 1521 ut
886 1481 1025 1521 statim
1057 1493 1266 1522 summam
1303 1480 1593 1536 disputationis

106 1561 223 1589 meae
259 1548 442 1589 indicem
474 1571 528 1577 —
566 1548 639 1588 ubi
675 1560 753 1588 nos
790 1548 841 1588 ad
876 1548 1059 1601 aliquam
1089 1549 1198 1589 inter
1224 1547 1399 1589 verbum
1429 1551 1471 1589 et
1497 1547 1596 1589 sub-

109 1615 335 1655 stantivum
372 1615 441 1655 vel
475 1616 585 1655 inter
620 1614 930 1656 substantivum
959 1617 1001 1655 et
1029 1614 1338 1656 substantivum
1368 1616 1596 1657 necessitu-

106 1681 249 1722 dinem
282 1681 507 1723 notandam
542 1695 694 1736 purum
732 1694 876 1723 casum
906 1695 993 1722 non
1022 1682 1214 1723 sufficere
1245 1685 1440 1737 putamus
1470 1684 1594 1737 eique

92 1748 216 1790 'aliud
260 1748 467 1803 quoddam
503 1748 756 1790 vocabulum
794 1749 986 1790 addimus
1025 1750 1095 1790 vel
1136 1751 1487 1804 praepositionem
1525 1750 1595 1792 vel

103 1815 380 1872 participium,
420 1818 467 1858 ut
506 1816 713 1857 sententia
750 1816 873 1871 plana
908 1815 992 1870 fiat,
1028 1815 1237 1872 Vergilius
1271 1818 1411 1872 ipsum
1448 1828 1594 1859 casum

104 1885 205 1924 satis
243 1884 430 1925 validum
473 1883 693 1925 arbitratus
734 1886 799 1924 est
835 1884 887 1924 ad
924 1884 1101 1925 eandem
1135 1885 1426 1938 cogitationem
1455 1885 1594 1938 expri-

102 1950 312 2004 mendam,
342 1950 429 1991 vim
454 1950 582 2006 igitur
611 1951 703 1992 eius
732 1951 861 1992 auxit.
1469 1965 1472 1967 Δ

597 2130 773 2185 Purus
813 2132 1107 2186 ablativus

215 2270 467 2326 Iam-statim
498 2272 549 2313 ad
577 2273 620 2316 id
646 2273 756 2328 quod
784 2273 874 2315 dixi
902 2272 1246 2325 confirmandum,
1276 2272 1473 2327 exempla
1501 2273 1594 2314 eius

103 2339 197 2394 puri
226 2337 394 2381 ablativi
424 2340 562 2394 affero,
594 2354 721 2396 quem
750 2342 960 2383 causalem
990 2340 1268 2395 appellamus3
1300 2341 1507 2395 legimus:

215 2405 235 2446 I
248 2406 290 2459 ¹),
321 2407 374 2447 99
403 2421 533 2447 saevo-s
562 2408 629 2448 ubi
654 2407 853 2449 Aeacidae
881 2407 953 2448 telo
982 2408 1078 2448 iacet
1108 2405 1255 2448 Hector

197 2566 231 2609 1)
256 2564 363 2600 libros
387 2565 554 2601 Aeneidis
579 2549 674 2603 nullo
699 2566 800 2613 signo
828 2565 959 2610 addito,
986 2566 1139 2613 simplici
1162 2577 1307 2603 numero
1332 2569 1482 2603 enotavi.

1317 2630 1340 2664 3
