1709 2978
701 99 976 140 -13-

85 224 211 276 atque
238 224 330 264 tum
355 221 527 264 demum
553 221 764 277 adscripti,
801 235 899 264 cum
928 224 1012 265 iam
1042 235 1202 265 errores
1231 221 1283 264 ab
1313 222 1461 264 Aenea
1489 234 1583 264 nar·

85 290 196 331 ratos
215 291 509 343 composuerat
527 291 569 331 et
587 289 665 330 hoo
684 288 775 332 loco
796 301 942 331 eorum
962 292 1220 333 mentionem
1238 289 1373 332 faeere
1391 288 1582 332 debebat.

198 355 289 399 Iam
318 370 369 398 ea
395 353 545 412 collegi
573 370 681 412 quae
709 357 814 399 1111111
833 357 1032 400 videntur
1051 358 1227 413 probare
1244 357 1398 400 librum
1417 352 1584 399 tertium

86 436 173 465 non
214 437 301 484 una
330 436 427 466 cum
464 424 615 478 primo,
658 424 858 477 seeundo,
901 428 1063 479 quarto,
1105 429 1225 467 sexto
1255 425 1327 467 sed
1356 424 1584 478 posteriore

84 493 273 545 tempore
311 502 406 532 esse
445 492 646 545 scriptum
689 496 814 546 atque
850 493 986 546 magis
1025 493 1076 534 ad
1108 494 1243 548 quinti
1271 497 1439 546 tempus
1469 505 1585 534 acoe-

85 557 197 611 dere,
227 570 410 612 quocum
440 559 566 599 etiam
594 559 689 600 aliis
718 558 902 600 vinculis
930 548 1070 600 nexus
1102 561 1156 601 sit
1172 562 1211 612 ¹).
1270 559 1416 601 Libros
1444 562 1584 602 autem

84 626 283 680 primum,
308 625 555 679 secundum,
576 629 784 680 quartum,
797 627 974 667 ‘sextum
994 627 1155 679 primos
1175 639 1269 668 esse
1291 628 1476 682 scriptos,
1496 640 1583 669 om-

85 693 157 734 nia
179 692 335 734 indicia
363 693 628 747 confirmant,
647 717 701 724 -—
720 693 772 734 de
792 692 992 746 secundO,
1022 696 1183 748 quarto,
1213 696 1333 736 sexto
1354 693 1581 736 Suetonius

83 763 272 814 testatur,
308 762 378 802 cui
414 762 621 803 mehercle
652 774 738 802 non
768 766 832 801 est
861 773 936 801 our
965 760 1205 802 diffidamus
1232 786 1286 792 -—
1317 775 1413 803 nam
1442 763 1507 803 1118
1536 764 1581 804 111

83 826 202 869 libris
232 840 318 869 non
348 840 482 882 pauca
511 829 720 881 invenieS,
752 840 859 883 quae
889 829 936 868 ut
964 827 1022 869 ita
1048 827 1185 870 dicam
1215 832 1418 884 vagantur
1434 843 1582 886 vneque

83 894 251 948 habent,
291 908 376 949 quo
412 896 554 937 referri
594 897 770 950 possint.
831 895 879 936 Id
918 898 1061 937 autem
1091 899 1255 938 tantum
1283 897 1416 951 primo
1447 900 1582 952 operis

82 958 268 1015 tempore
298 962 485 1003 accidere
513 965 687 1015 poterat,
716 965 763 1002 ut
792 962 1006 1015 Vergilius
1037 963 1082 1002 in
1110 962 1201 1002 1000
1232 962 1375 1017 aliquo
1402 967 1583 1006 conscri-

82 1027 221 1070 bendo
260 1029 454 1082 nesciret,
495 1042 599 1071 num
628 1030 758 1071 huius
787 1030 869 1071 loci
895 1032 1041 1084 postea
1069 1030 1276 1071 rationem
1306 1031 1458 1073 habere
1487 1045 1583 1086 pos—

83 1099 167 1148 set,
197 1099 323 1151 atque
350 1098 396 1138 in
424 1099 545 1139 tertio
578 1097 683 1139 libro
708 1097 807 1138 talia
835 1097 987 1138 frustra
1017 1108 1207 1150 quaeres.
1253 1096 1304 1138 In
1322 1097 1428 1139 libro
1447 1101 1582 1152 primo

82 1163 179 1205 vide
208 1164 348 1206 locum
379 1178 506 1219 quem
535 1166 619 1207 iam
649 1165 769 1207 attuli
798 1163 832 1217 I,
863 1164 967 1206 382:

250 1231 308 1271 bis
336 1231 445 1271 denis
474 1230 694 1286 Phr-yyium
727 1230 931 1272 conscendi
958 1231 1120 1271 navibus
1147 1244 1295 1285 aequor

248 1305 376 1339 ‘matre
404 1298 478 1340 dea
506 1306 745 1340 monstrante
767 1299 872 1339 viam
902 1298 998 1337 data
1019 1298 1118 1352 fata
1147 1305 1306 1338 secutus.

83 1377 304 1419 nunquam
327 1364 475 1406 Venus
505 1365 697 1407 Troianis
727 1363 963 1406 errantibus
993 1366 1239 1419 comparuit,
1272 1364 1344 1405 sed
1375 1366 1581 1418 quomodo

81 1434 206 1485 poeta
235 1432 287 1473 ad
316 1432 393 1474 hos
423 1444 573 1474 versus
604 1432 847 1474 scribendos
879 1431 1084 1473 adductus
1117 1433 1184 1484 sit,
1224 1444 1278 1473 ex
1308 1431 1452 1478 Servio
1482 1434 1582 1474 satis

82 1499 354 1553 intellegitur,
395 1501 469 1552 qui
497 1499 687 1540 adnotat:
724 1500 856 1540 Varro
887 1500 932 1539 in
962 1499 1149 1540 seeundo
1177 1510 1315 1538 rerum
1345 1498 1579 1540 divinarum

83 1565 200 1608 dicit:
241 1561 316 1607 ‘ex
353 1579 436 1620 quo
476 1567 527 1618 de
564 1565 686 1608 Troia
728 1570 792 1609 est
827 1578 1025 1621 egressus
1057 1567 1241 1617 AeneaS,
1271 1564 1451 1607 Veneris
1483 1580 1581 1609 eum

81 1646 157 1687 per
177 1633 268 1674 dies
299 1634 485 1687 quotidie
514 1635 676 1675 stellam
707 1635 879 1686 vidisse,
910 1634 1044 1674 donec
1073 1633 1126 1674 ad
1155 1645 1305 1686 agrum
1332 1632 1582 1675 Laurentem

83 1701 259 1753 veniret,
288 1702 334 1742 111
366 1713 449 1758 quo
482 1714 576 1743 eam
606 1715 692 1743 non
719 1701 824 1742 vidit
854 1701 1044 1752 ulterius,
1075 1713 1159 1753 qua
1185 1712 1230 1740 re
1260 1701 1301 1740 et
1329 1701 1458 1741 terras
1486 1714 1582 1755 cog-

83 1767 202 1807 novit
231 1778 327 1808 esse
358 1766 525 1809 fatales?
562 1768 613 1809 de
644 1769 720 1809 hac
751 1767 931 1809 Veneris
961 1779 1086 1821 opera
1115 1765 1220 1806 nihil
1249 1765 1459 1819 audimus,
1496 1780 1583 1808 om-

82 1834 184 1876 nino
221 1837 364 1876 autem
398 1835 564 1877 videtur
599 1839 722 1890 poeta
761 1836 858 1876 111110
888 1835 991 1876 deae
1021 1834 1142 1875 initio
1172 1832 1267 1886 plus
1298 1833 1481 1875 tribuere
1509 1848 1582 1876 vo·

81 1901 228 1955 luisse,
260 1915 386 1957 quam
414 1906 558 1957 postea
585 1903 730 1945 tribuit
758 1903 808 1944 of.
841 1902 875 1956 I,
904 1902 1001 1955 407,
1030 1899 1105 1941 ubi
1134 1899 1233 1941 dicit
1262 1900 1454 1943 Aeneas:

250 1969 349 2025 quid
377 1977 515 2010 natum
543 1970 691 2020 totiens,
721 1970 888 2011 crudelis
917 1976 959 2009 tu
988 1981 1151 2023 qnoque,
1173 1966 1297 2021 falsis

250 2036 354 2077 ludis
382 2037 637 2091 imaginibus
632 2038 650 2068 2

81 2106 123 2145 et
152 2102 271 2157 VIII,
298 2104 381 2145 531

704 2161 842 2202 Troius
870 2161 982 2202 heros

252 2228 438 2282 adqnovit
465 2228 633 2268 smzitwm
661 2234 695 2267 et
719 2228 831 2269 divae
852 2228 1058 2281 promissa
1079 2227 1275 2280 parentis.

81 2355 204 2400 posuit
227 2355 322 2399 (pag.
347 2353 428 2396 449)
441 2365 450 2393 ;
485 2353 527 2387 de
558 2353 833 2398 interpolatione
873 2355 992 2388 autem
1026 2352 1184 2396 cogitare
1215 2353 1314 2386 vetat
1337 2362 1400 2387 nos
1422 2352 1578 2387 imitatio

81 2422 171 2456 quae
195 2410 336 2446 videtur
352 2409 470 2446 Ovidii
487 2409 572 2444 Her.
590 2409 672 2450 V11,
689 2410 734 2444 85
758 2421 852 2455 sqq.:
877 2421 938 2443 nec
961 2410 1038 2442 milii
1059 2420 1148 2441 mens
1172 2408 1272 2440 dubia
1295 2415 1344 2441 est
1367 2410 1441 2451 quin
1466 2416 1496 2442 te
1521 2416 1578 2442 tna

80 2469 211 2501 nmina
235 2468 410 2501 damnent.-
429 2480 496 2510 per
519 2479 611 2500 mare
632 2480 697 2509 per
722 2474 835 2500 terras
860 2469 1000 2510 septima
1022 2468 1132 2500 iactat
1154 2466 1275 2499 hiems!

176 2526 213 2568 1)
236 2522 283 2560 ⁰cf.
309 2525 472 2566 Kettner,
497 2523 720 2560 Jahrbiioher
742 2524 765 2558 f.
792 2524 892 2559 class.
918 2524 1014 2559 Phil.
1038 2522 1140 2558 1879.
