1709 2978
726 57 1001 98 -11-

117 179 280 226 futurae
308 180 466 234 patriae
493 193 666 235 prorsus
684 180 887 235 ‘ignarum
913 179 960 221 in
987 171 1204 221 Thraciam
1230 180 1272 220 et
1298 177 1458 220 Cretam
1491 179 1607 220 navi-

117 249 287 302 gantem
314 247 539 302 urbesque,
563 250 610 289 ut
639 247 721 289 sibi
749 246 960 288 domic-ilia
978 248 1133 300 essent,
1160 246 1407 287 condentem
1427 246 1607 288 induxe—

117 316 193 370 rat,
220 315 486 371 eundemque
515 316 560 357 in
586 316 680 371 ipso
699 314 868 357 demum
886 314 1037 357 itinere
1058 313 1109 356 de
1129 313 1214 356 fine
1235 326 1420 356 errorum
1442 314 1607 356 edoceri

117 386 367 436 narraverat,
409 386 554 438 postea
586 384 630 424 in
668 383 761 424 aliis
798 381 916 424 libris
955 381 1136 423 scribere
1179 381 1382 436 nequibat
1417 384 1606 424 Aeneam

116 450 161 491 in
190 448 352 492 Italiam
374 463 420 492 se
448 440 727 491 deventurum
751 450 834 491 iam
862 449 905 490 in
927 447 1087 491 Troade
1115 449 1303 490 scivisse.
1364 448 1608 504 Composuit

117 517 255 570 potius
284 518 400 572 prius
429 516 557 559 libros
598 518 780 572 primum
795 550 805 570 ,
849 516 1104 570 secundum,
1149 519 1369 571 quartum,
1411 517 1454 559 id
1482 517 1605 558 modo

117 587 322 639 spectans,
361 586 408 625 ut
437 585 628 639 singulos
656 596 731 639 per
760 596 805 625 se
836 585 957 639 quasi
989 584 1156 638 singula
1184 586 1226 624 et
1249 587 1407 626 secreta
1435 597 1606 640 corpora

115 651 349 694 absolveret
376 664 516 706 neque
544 651 594 693 ad
625 664 782 693 errores
811 652 1003 705 Aeneae,
1034 664 1140 706 quos
1165 654 1311 706 postea
1338 654 1604 694 enarraturus

115 721 213 773 erat,
240 720 497 773 respiciens;
527 731 624 760 cum
653 722 794 761 autem
812 718 888 760 hos
916 719 1030 773 ipsos
1051 718 1193 772 adiret,
1221 719 1337 772 vidit,
1368 720 1404 760 si
1434 719 1603 774 quidem

115 799 187 827 eos
216 788 261 827 in
291 789 453 840 septem
472 799 605 827 annos
626 786 821 827 diducere
842 788 882 826 et
902 785 1125 827 Aeneadas
1145 787 1186 826 et
1205 783 1457 840 Pergamum
1476 785 1602 827 urbes

115 867 139 895 a
154 852 357 895 Troianis
385 853 572 895 conditas
606 853 743 907 vellet,
774 852 866 894 fieri
894 865 980 894 non
1008 864 1146 908 posse,
1177 854 1223 894 ut
1243 854 1381 894 statim
1407 852 1458 894 ab
1483 854 1603 894 initio

113 921 280 962 Aeneas
311 923 547 961 extremum
576 922 737 962 itineris
766 919 895 961 finem
929 922 1161 974 appeteret3
1200 920 1448 961 mutandum
1477 921 1604 974 igitur

115 991 201 1030 erat
228 988 465 1040 eonsilium,
493 989 778 1042 mutassetque
805 990 925 1042 poeta
953 988 1067 1029 locos
1086 989 1370 1042 repugnantes
1402 986 1603 1029 librorum

114 1055 147 1109 I,
175 1055 230 1110 11,
258 1055 333 1108 IV,
363 1056 400 1096 si
426 1054 660 1096 Aeneidem
688 1067 859 1108 prorsus
889 1055 1147 1096 confecisset.

221 1122 359 1165 Etiam
402 1122 579 1176 septimo
623 1120 727 1163 libro
771 1122 840 1163 vel
891 1125 1007 1176 parte
1048 1123 1140 1163 eius
1185 1121 1459 1175 posteriorem
1508 1133 1603 1162 esso

110 1190 265 1233 librum
302 1190 472 1231 tertium
518 1189 791 1230 demonstrari
820 1201 945 1243 posse
975 1189 1149 1230 arbitror
1176 1189 1352 1229 conlatis
1381 1189 1490 1229 notis
1519 1188 1603 1229 iuis

112 1259 214 1300 locis
236 1256 313 1311 III,
344 1257 424 1298 249
455 1255 530 1297 ubi
557 1255 740 1298 Celaeno
768 1256 942 1311 harpyia
970 1257 1236 1298 vaticinatur:

386 1323 548 1376 accipite
576 1337 664 1377 eryo
694 1324 836 1364 animis
864 1331 978 1379 atque
1006 1324 1099 1364 haec
1126 1338 1213 1364 mea
1232 1323 1346 1378 flyite
1374 1323 1492 1370 dicta,

389 1404 488 1446 quae
517 1389 671 1431 Phoebo
696 1397 818 1444 pater
846 1392 1087 1446 omnipotens
1125 1390 1221 1431 mihi
1248 1389 1427 1431 Phoelms
1459 1389 1603 1444 Apollo

381 1458 599 1511 praedira,
629 1459 733 1499 vobis
753 1460 965 1514 furiarum
993 1474 1060 1513 eqo
1089 1459 1265 1499 maxima
1286 1458 1441 1511 pando.

388 1524 550 1565 Italiam
578 1540 694 1566 cursu
720 1526 864 1579 petit-is,
891 1526 1083 1582 ventisque
1110 1526 1252 1567 vocatis

386 1592 489 1632 ibitis
517 1592 679 1633 Italiam
696 1600 914 1649 portusque
942 1586 1091 1634 intrare
1119 1593 1243 1634 licebit

385 1659 453 1699 sed
481 1674 558 1699 non
586 1667 674 1700 ante
703 1661 840 1700 datam
868 1661 1022 1714 cingetis
1049 1661 1246 1701 moenibus
1273 1661 1407 1700 urbem

387 1740 507 1781 quam
536 1740 602 1767 vos
629 1727 720 1767 dira
735 1727 870 1783 fames
896 1734 1125 1783 nostraeque
1151 1727 1299 1767 iniuria
1325 1726 1453 1767 caedis

385 1794 561 1834 ambesas
588 1795 739 1848 subiyat
765 1795 881 1835 malis
909 1796 1109 1836 absumere
1133 1809 1297 1836 mensas.

112 1862 153 1901 et
180 1857 277 1913 VII,
313 1860 406 1914 122,
435 1859 510 1909 ubi
539 1860 638 1902 dicit
665 1862 857 1905 Aeneas:

386 1927 447 1969 hic
476 1929 614 1970 domus
640 1930 733 1971 haec
751 1931 895 1984 patria
920 1939 986 1980 est,
1008 1931 1158 1986 ymitor
1185 1929 1283 1970 mihi
1309 1927 1406 1968 talia
1433 1940 1604 1981 namque

386 2018 438 2024 —
475 2010 576 2037 nunc
602 2004 732 2051 repeto
786 2023 822 2028 --
852 1997 1037 2039 Anchises
1055 1998 1241 2054 fatorum
1265 2008 1415 2036 arcana
1444 1993 1603 2049 reliquit

386 2076 474 2102 cum
501 2070 536 2105 te
561 2071 651 2106 nate
667 2066 802 2121 fames
826 2066 959 2120 iynota
985 2066 1042 2106 ad
1069 2065 1186 2106 litora
1213 2070 1360 2105 vectum

386 2130 516 2170 accitis
543 2139 646 2186 coyet
676 2133 845 2187 dapibus
873 2146 1093 2173 consumere
1119 2145 1272 2172 mensas

386 2203 468 2237 tum
496 2212 658 2252 sperare
679 2200 814 2241 domos
841 2199 1013 2255 defessus
1038 2200 1165 2255 ibique
1192 2206 1380 2241 memento

378 2267 521 2318 prima
551 2267 679 2308 locare
706 2282 828 2307 manu
855 2267 1059 2322 molirique
1087 2280 1226 2321 aqqere
1256 2273 1366 2309 tecta.

109 2333 203 2376 Hoc
228 2334 318 2376 loco
347 2332 421 2376 ubi
450 2335 496 2375 in
526 2347 576 2376 eo
607 2338 683 2390 est,
712 2338 759 2377 ut
778 2335 1024 2377 vaticinium
1044 2335 1228 2388 eveniat,
1243 2334 1415 2390 prorsus
1434 2335 1481 2377 in
1507 2336 1602 2378 uni-

111 2414 280 2444 versum
308 2402 470 2455 dicitur,
497 2403 539 2444 id
561 2404 771 2458 quondam
790 2403 961 2444 Aeneae
985 2416 1010 2444 a
1027 2404 1144 2456 patre
1163 2402 1308 2444 datum
1328 2415 1445 2455 esse,
1477 2406 1603 2458 atque

110 2470 234 2511 etiam
264 2469 366 2511 haec
396 2469 615 2512 diversitas
644 2472 700 2512 ita
720 2470 919 2525 explicari
941 2470 1100 2525 nequit,
1130 2472 1176 2512 ut
1190 2469 1427 2526 Vergilium
1455 2483 1602 2514 eorum
