1709 2978
684 646 892 738 eaput
945 645 994 720 Ι.

261 812 331 860 De
367 811 708 871 compositione
743 807 962 858 Aeneidis
998 807 1428 859 animadversiones.

759 983 862 1024 -1.

206 1085 417 1132 Disseruit
452 1085 637 1127 Conrads
678 1085 862 1138 (Quaest.
894 1085 1009 1139 Virg.
1048 1083 1241 1125 Treveris
1278 1084 1402 1137 1863)
1447 1086 1586 1137 sagaci

96 1155 221 1208 atque
248 1153 333 1196 acri
358 1151 513 1198 iudicio
534 1151 585 1193 de
604 1144 805 1194 Aeneidis
831 1164 908 1194 sex
934 1152 1165 1206 primorum
1193 1149 1394 1193 librorum
1414 1152 1587 1204 ratione,

96 1217 369 1274 temporibuS,
403 1218 704 1273 discrepantiis.
772 1218 904 1261 Nisus
941 1231 1014 1272 eo,
1053 1218 1166 1273 quod
1201 1220 1365 1260 veteres
1406 1217 1587 1270 tradunt,

95 1285 329 1332 Aeneidem
358 1299 383 1327 a
412 1284 598 1339 Vergilio
627 1285 731 1328 adeo
768 1299 855 1329 non
890 1285 1114 1341 perfectam
1148 1284 1372 1326 iudicatam
1405 1297 1513 1336 esse,
1543 1288 1589 1325 ut

95 1367 279 1397 cremare
321 1367 415 1397 eam
452 1356 494 1395 et
527 1354 618 1409 ipse
654 1354 843 1397 animum
881 1353 1098 1396 induceret
1136 1355 1177 1398 et
1209 1353 1392 1396 moriens
1432 1354 1587 1394 amicos

95 1420 272 1474 iuberet,
298 1419 493 1474 ostendit,
521 1421 700 1465 multum
736 1434 838 1463 sane
877 1420 1030 1462 laboris
1073 1419 1327 1474 perficiendo
1365 1422 1480 1474 operi
1512 1421 1589 1460 im-

95 1488 379 1543 pertiendum,
418 1488 550 1532 multa
586 1490 712 1543 atque
749 1489 893 1543 gravia
931 1491 1076 1543 poetae
1116 1487 1248 1530 fuisse
1285 1488 1505 1540 mutanda,
1544 1492 1590 1529 ut

97 1567 175 1596 sex
202 1556 327 1610 primi
346 1554 442 1598 libri
461 1556 570 1600 inter
599 1568 645 1596 se
669 1556 950 1597 concinerent.
993 1557 1133 1610 Atque
1152 1568 1286 1596 unum
1312 1555 1422 1609 quod
1449 1557 1590 1610 posuit

95 1622 182 1667 fere
211 1621 408 1664 omnibus
437 1622 639 1677 probavit,
677 1623 871 1677 quintum
906 1622 1059 1665 librum
1092 1625 1262 1677 *poetam
1291 1626 1386 1676 post
1421 1626 1589 1665 sextum

96 1690 400 1744 composuisse,
429 1702 515 1731 non
551 1702 651 1731 vero
680 1689 783 1730 mihi
822 1692 1033 1744 persuasit
1067 1689 1222 1731 librum
1257 1691 1426 1730 tertium
1454 1692 1590 1744 primo

98 1757 234 1811 operis
271 1760 457 1811 tempore
494 1770 581 1801 una
625 1769 722 1800 cum
760 1760 906 1811 quarto
949 1759 1150 1812 scriptum
1191 1759 1235 1800 in
1272 1757 1589 1810 antiquissimos

96 1823 299 1866 Aeneidis
327 1822 456 1866 libros
485 1822 751 1866 referendum
779 1835 885 1865 esse.

208 1889 296 1934 Iam
335 1892 394 1936 ita
430 1891 767 1945 progrediamur,
811 1894 859 1934 ut
897 1893 1080 1947 primum
1118 1903 1286 1942 causaS,
1328 1903 1433 1945 quas
1477 1891 1592 1933 affert

98 1957 382 2013 CouradiuuS,
420 1958 738 2014 perlustremus,
777 1958 927 2001 deinde
965 1960 1003 2001 si
1042 1959 1145 2000 forte
1184 1957 1289 1999 nihil
1326 1959 1387 2000 eis
1426 1957 1591 2014 probari

98 2027 335 2082 apparuerit
361 2027 445 2080 ipsi
473 2025 612 2067 denuo
641 2026 693 2067 de
721 2028 906 2080 tempore
940 2028 1050 2068 tertii
1084 2025 1179 2068 libri
1209 2027 1496 2079 quaestionem
1529 2028 1593 2067 in-

97 2093 332 2136 stituamus.
393 2091 619 2138 Conradini
646 2095 787 2136 autem
815 2096 1110 2149 argumentum
1139 2093 1236 2134 hoc:

265 2161 421 2203 Versui
462 2161 571 2205 Aen..
605 2160 652 2214 V,
689 2161 790 2203 626:
835 2157 1018 2214 ‘septima
1060 2168 1154 2214 post
1211 2160 1353 2201 'lb-oiae
1400 2161 1590 2201 accidiam

265 2227 348 2268 iam
394 2227 554 2267 vertitur
598 2226 742 2269 aestas’
783 2231 989 2284 repugnat
1022 2229 1201 2271 narratio
1239 2239 1439 2281 errorum,
1484 2241 1592 2283 quae

262 2294 368 2343 libro
409 2296 530 2341 tertio
564 2297 811 2339 continetur.
881 2295 1022 2339 Prima
1060 2295 1174 2336 enim
1215 2294 1354 2337 hieme
1395 2296 1440 2337 in
1480 2296 1593 2337 aedi-

264 2362 440 2406 ficandis
489 2362 670 2405 navibus
716 2366 965 2418 consumpta
1015 2363 1136 2405 initio
1185 2363 1353 2404 aestatis
1411 2361 1508 2415 (111,
1552 2364 1592 2414 8)

265 2431 434 2474 Aeneas
469 2443 492 2473 e
520 2432 652 2487 patria
684 2431 794 2475 cedit
819 2432 945 2486 atque
972 2431 1022 2473 in
1051 2428 1269 2474 Thraciam
1298 2431 1593 2485 transvehitur,

266 2497 414 2541 urbem
442 2492 584 2541 condit
612 2512 737 2554 quam
760 2499 982 2542 Aeneadas
1011 2500 1144 2550 vocat,
1176 2499 1250 2540 sed
1275 2511 1378 2541 mox
1397 2499 1594 2541 manibus

1380 2584 1396 2617 1
