1709 2978
722 85 999 127 -15-

115 211 307 266 scriptus,
348 224 444 253 cum
483 222 637 267 magna
665 207 867 252 Aeneidis
897 222 994 265 pars
1023 211 1107 252 iam
1134 209 1259 252 fuerit
1286 210 1478 265 perfecta,
1514 208 1606 250 dico

113 276 268 320 librum
296 279 495 333 primum,
524 279 733 333 quartum,
762 276 1008 331 secundum,
1037 279 1163 332 atque
1192 278 1238 318 s?
1254 275 1490 331 Vergilium
1520 277 1606 317 sin-

113 344 235 399 gulos
263 344 392 388 libros
426 358 513 388 uno
542 347 687 402 tenore
716 343 947 386 confecisse
973 343 1097 386 nobis
1125 343 1340 399 fingimus,
1379 343 1606 398 septimum

115 413 158 451 et
190 413 384 453 octavum-
420 414 542 466 totos,
582 411 796 470 frustulam,
836 412 873 452 si
908 411 1011 452 alias
1053 411 1146 453 aliis
1179 410 1442 465 temporibus
1466 412 1605 464 partes

112 477 313 521 librorum
342 481 516 534 scriptas
547 480 757 532 volumus,
788 491 1043 533 quamquam
1073 478 1153 520 hoc
1179 492 1265 520 non
1292 479 1350 520 ita
1375 477 1605 520 verisimile

114 546 240 600 atque
276 546 328 587 ad
364 546 592 587 nonnullos
627 545 756 586 libros
793 547 902 587 certe
931 545 1105 586 minime
1132 544 1254 585 valet.
1314 544 1480 585 Addere
1508 556 1606 597 pos·

114 624 208 653 sum
235 612 389 658 librum
419 616 612 666 sextum;
642 626 741 654 nam
767 599 882 653 certe’
895 611 1077 654 multum
1097 611 1278 665 offendit,
1305 611 1416 666 quod
1436 612 1605 653 Aeneas

113 677 184 734 Vl,
215 680 319 722 115:

279 748 373 803 quin
400 755 442 788 ut
468 754 504 789 te
531 747 699 801 supplem
719 753 895 801 peterem
922 753 957 787 et
985 753 1054 787 tua
1082 745 1220 787 limina
1248 745 1401 786 adirem

277 815 382 856 idem
410 815 483 869 (sc.
514 815 645 869 pater)
672 829 790 856 orans
817 814 1008 855 mandata
1039 813 1160 854 dabat

113 884 155 922 et
179 881 250 935 VI,
280 882 385 924 695:

387 956 456 989 tua
480 963 542 990 me
566 949 717 1004 yenitor
745 957 812 990 tua
840 950 961 990 tristis
988 950 1118 1003 imayo

277 1016 433 1070 saepius
461 1029 664 1058 occurrens
691 1016 785 1059 haec
813 1017 950 1058 limina
973 1012 1132 1058 'tendere
1158 1017 1299 1071 adeyit.

101 1085 234 1127 -modo
272 1098 297 1126 a
334 1086 450 1138 patre
491 1096 536 1125 se
575 1085 781 1126 monitum
818 1096 912 1125 esse
948 1083 1060 1137 dicit,
1098 1085 1145 1124 ut
1174 1083 1375 1137 Sibyllam
1404 1084 1536 1125 adiret
1561 1087 1602 1125 et

112 1152 163 1193 ad
192 1151 346 1193 inferos
375 1151 658 1205 descenderet,
688 1153 814 1206 atque
842 1163 1014 1205 prorsus
1045 1150 1306 1193 obliviscitur
1323 1150 1480 1193 Heleni
1508 1150 1601 1204 (HI,

110 1218 339 1273 441-460)
371 1218 444 1273 qui
471 1219 634 1272 primus
664 1219 704 1260 ei
732 1218 810 1261 hoc
837 1218 1115 1273 imperaverat
1128 1217 1168 1271 ῐ).

219 1375 309 1417 Iam
347 1376 409 1417 eis
447 1375 565 1428 locis,
603 1377 677 1430 qui
705 1377 875 1418 tertium
906 1376 1061 1418 librum
1090 1379 1184 1431 post
1211 1376 1410 1430 primum,
1435 1389 1601 1418 secun-

108 1443 222 1496 dum,
247 1445 440 1497 quartum
471 1443 672 1497 scriptum
700 1455 795 1484 esse
821 1443 924 1484 mihi
955 1442 1128 1497 probare
1156 1443 1365 1497 videntur,
1395 1443 1500 1485 alios
1530 1444 1602 1485 ad-

107 1510 215 1564 dam,
252 1509 406 1565 quibus
446 1510 595 1564 elucet,
633 1509 868 1565 Vergilium
901 1523 997 1552 cum
1033 1511 1079 1552 in
1107 1509 1225 1552 libris
1257 1509 1289 1552 I.
1317 1509 1369 1552 Π.
1397 1509 1459 1552 IV
1489 1523 1601 1553 com-

111 1577 316 1632 ponendis
360 1580 584 1632 occupatus
629 1581 753 1631 esset,
796 1576 1088 1632 argumentum
1130 1579 1240 1619 tertii
1282 1578 1379 1620 libri
1411 1579 1599 1620 nondum

111 1656 299 1697 curasse;
345 1645 448 1699 quin
490 1657 660 1700 prorsus
705 1644 859 1686 oblitus
903 1644 1089 1698 videtur,
1131 1657 1176 1686 se
1220 1645 1446 1701 aliquando
1488 1646 1601 1688 hunc

106 1710 260 1753 librum
286 1723 380 1753 esse
410 1714 756 1768 conscripmrum.
814 1712 924 1758 Nam
945 1712 1066 1766 Dido,
1097 1715 1144 1754 ut
1170 1725 1342 1767 prorsus
1372 1715 1508 1755 inscia
1537 1718 1601 1755 est

107 1802 160 1808 -
189 1790 273 1820 non
301 1778 444 1822 minus
474 1793 602 1836 quam
628 1780 797 1823 Aeneas
823 1804 877 1810 —
908 1779 1170 1822 oraculorum
1198 1793 1305 1835 quae
1335 1779 1525 1823 Troianis
1553 1782 1598 1822 in

106 1846 314 1889 erroribus
353 1848 448 1890 data
483 1851 582 1891 sunt
632 1848 700 1906 (cf.
728 1847 805 1902 IV,
835 1848 1040 1902 340—78)
1075 1849 1134 1891 ita
1168 1862 1264 1891 cum
1303 1849 1441 1892 furore
1480 1852 1600 1904 capta

105 1915 256 1958 iterum
284 1914 475 1957 Aeneam·
514 1918 754 1958 narrantem
789 1915 932 1958 audire
967 1917 1082 1971 velit,
1125 1917 1176 1959 de
1214 1916 1425 1959 erroribus
1466 1920 1596 1971 tacet3

105 1980 180 2035 IV,
211 1981 285 2022 77:

270 2062 372 2089 nunc
400 2050 536 2092 eadem
565 2049 713 2092 labente
741 2050 804 2092 die
832 2050 1006 2092 convivia
1031 2051 1183 2107 quaerit

196 2216 233 2259 1)
257 2214 359 2252 affert
384 2215 473 2253 hsec
496 2216 602 2253 verba
626 2217 754 2254 Heleni
778 2215 947 2259 conrade,
972 2216 1098 2262 quibus
1121 2216 1257 2262 probet,
1282 2219 1383 2264 (pag.
1401 2218 1434 2254 5.
1461 2218 1502 2263 6)
1525 2219 1598 2265 pri-

104 2283 201 2308 mum
226 2271 379 2318 Sibyllae
403 2272 517 2311 mulfo
543 2275 646 2320 plura
668 2274 824 2310 tribuere
847 2273 998 2309 voluisse
1027 2273 1236 2319 Vergilium,
1261 2285 1368 2320 quam
1390 2286 1480 2321 quae
1504 2287 1599 2312 nunc

102 2331 242 2366 Aeneae
263 2329 467 2376 praedicam
490 2332 554 2368 sed
576 2332 672 2379 quid,
697 2343 836 2379 quaeso,
863 2330 997 2376 Sibylla
1021 2331 1163 2367 omnino
1187 2330 1229 2366 de
1253 2331 1354 2367 bellis
1372 2332 1503 2369 futuris
1518 2333 1598 2379 plus

101 2386 216 2423 dicere
247 2387 400 2433 poterat,
433 2398 540 2434 qnam
566 2400 621 2425 vv.
647 2389 793 2425 96—98.
839 2389 906 2423 His
931 2389 1048 2424 omnia
1072 2390 1301 2426 continentur
1324 2401 1414 2436 quae
1437 2392 1596 2431 instant3

68 2443 70 2445 ’
101 2443 194 2489 quod
217 2445 337 2481 autem
361 2442 519 2483 obscuris
538 2446 652 2482 verbis
676 2446 908 2493 pronuntiata
927 2448 1022 2489 sunt,
1042 2446 1111 2482 hoc
1130 2447 1234 2482 unius
1252 2447 1421 2493 cuiusque
1436 2448 1597 2483 vaticinii

99 2501 283 2547 proprium
309 2502 373 2536 est.
