1709 2978
703 117 979 158 „44-

93 259 136 272 =
166 238 365 281 Euneum
398 239 534 293 Clytio
563 244 679 296 patre
708 225 875 293 natum3
914 242 963 285 cf.
992 242 1229 283 Enn.·ann.
1264 240 1365 280 183:

310 319 435 348 navus
461 315 639 361 repertus
667 308 781 350 homo
807 309 934 350 Graio
955 316 1078 363 patre
1106 307 1255 351 Graius
1281 306 1393 348 homo
1422 319 1506 347 rer.

89 371 212 414 Tales
241 373 444 416 ablativos
466 370 659 417 ‘Clausus
687 374 869 417 Curibus'
904 375 958 430 X,
977 377 1074 430 345,
1099 372 1251 416 ‘mariti
1287 371 1399 428 Tyro’
1428 371 1499 427 IV,
1520 373 1586 426 36,

91 441 367 496 similiterque
408 438 615 483 ‘Maeonia
658 456 839 497 qenerose
884 441 1020 484 domo’
1053 443 1133 497 X,
1175 443 1250 484 141
1301 441 1426 482 etiam
1475 439 1587 494 apud

90 508 311 551 Caesarem
342 513 588 562 occurrunt3
619 510 668 551 cf.
699 510 794 552 beu.
817 511 896 551 civ.
920 510 954 564 I,
977 512 1042 552 24.
1073 510 1148 565 III,
1171 511 1240 551 71:
1275 509 1319 550 C.
1343 507 1587 562 Fleyinatem

89 573 305 625 Placentia,
336 577 388 617 A.
411 575 610 618 Granium
630 576 816 626 Puteolis,
849 577 909 618 M.
941 577 1228 618 Sacratim‘rum
1257 576 1411 630 Capua.
1460 573 1586 629 Apud

89 642 334 685 Ciceronem
363 644 535 698 quidem
563 645 716 687 frustra
742 659 814 687 eos
846 658 1035 699 quaeres.

201 709 541 764 Comparativum
571 713 764 766 sequitur
792 711 900 766 apud
932 711 1169 767 Vergilium
1199 721 1362 764 semper
1390 720 1464 762 pro
1494 720 1587 762 par-

88 776 217 817 ticula
237 772 396 830 ‘quam'
433 779 692 819 nominativo
723 780 791 819 vel
821 781 1060 820 accusativo
1089 781 1231 820 iuncta
1250 777 1455 818 ablativus
1475 788 1587 816 com-

87 844 329 898 parationis,
370 845 497 899 atque
534 845 635 886 satis
675 849 850 900 constat,
891 846 999 888 hanc
1038 849 1285 888 structuram
1315 846 1360 886 in
1380 842 1586 885 'omnibus

87 909 246 964 linguis
276 912 506 966 genuinam
536 916 578 953 et
603 913 842 967 primariam
870 913 1014 955 fuisse.
1072 913 1207 964 Quam
1228 914 1308 955 alte
1328 913 1465 953 animo
1482 910 1587 951 Ver-

86 977 178 1032 gilii
206 978 446 1033 inhaeserit,
476 993 531 1022 ex
560 982 754 1022 versibus
784 980 855 1022 Ec.
879 979 971 1034 VH,
992 981 1043 1021 37
1050 982 1148 1022 -85
1178 981 1327 1032 elucet,
1354 980 1398 1019 in
1430 976 1584 1033 quibus

89 1046 217 1086 octies
256 1058 348 1087 eam
385 1048 643 1089 invenimus.
701 1048 922 1089 Lueretius
961 1049 1130 1102 saepius
1156 1044 1317 1101 ‘quam'
1353 1048 1447 1099 post
1464 1057 1585 1095 ¹com-

86 1112 324 1164 parativum
359 1117 554 1168 usurpat:
595 1114 649 1168 II,
682 1116 774 1157 162.
807 1114 884 1168 III,
913 1116 980 1156 42.
1013 1114 1087 1165 IV,
1122 1115 1212 1155 181.
1245 1113 1458 1156 910.·849.
1489 1112 1581 1153 850.

87 1177 140 1230 V,
171 1178 264 1218 633.
1578 1184 1581 1187 ’

198 1244 287 1287 Iam
319 1248 459 1301 restat,
489 1250 535 1289 ut
564 1249 615 1290 de
646 1248 826 1291 ablativo
859 1249 1133 1303 separationis
1169 1249 1243 1303 qui
1272 1247 1423 1289 dicitur
1452 1260 1586 1301 pauca

88 1311 304 1354 disseram.
374 1314 599 1369 Nusquam
634 1315 840 1371 Vergilius
878 1316 1232 1370 praepositionem
1272 1315 1386 1356 addit
1422 1314 1582 1355 verbis:

86 1379 258 1434 pellere,
306 1383 520 1437 repellere,
570 1384 788 1437 excedere,
837 1384 1052 1437 desistere,
1097 1383 1313 1435 absistere,
1357 1382 1584 1435 detrudere,

88 1437 301 1502 excu'tere,
337 1451 531 1504 avellere,
569 1452 722 1507 egredi,
752 1452 956 1507 expirare,
987 1451 1215 1504 dimovere,
1248 1451 1427 1503 exciere,
1456 1449 1585 1491 dedu-

23 1562 30 1568 ·
87 1526 195 1566 cere,
226 1515 418 1570 educere,
445 1519 700 1573 disiungere,
729 1519 921 1572 effodere,
949 1519 1178 1571 effundere,
1205 1517 1359 1569 efflare,
1378 1530 1583 1570 evomere,

87 1593 271 1636 movere,
313 1585 514 1638 emittere,
562 1586 736 1627 solvere.
802 1587 942 1640 Atque
981 1586 1026 1626 in
1069 1585 1285 1626 nonnullis
1320 1584 1458 1628 verbis
1496 1586 1584 1627 vim

88 1653 376 1705 separationis,
407 1666 514 1706 quae
541 1666 676 1706 paene
698 1666 781 1694 non
802 1654 885 1693 iam
908 1646 1098 1705 sentitur,
1129 1653 1180 1693 de
1199 1653 1405 1694 industria
1423 1654 1583 1705 retinet,

87 1718 209 1759 cuius
240 1720 302 1760 rei
330 1719 694 1775 elegantissimum
729 1720 975 1774 exemplum
1005 1720 1110 1761 mihi
1139 1719 1304 1761 videtur
1332 1731 1502 1761 versus:

218 1786 252 1838 I,
282 1788 362 1829 679
395 1788 500 1828 dona
521 1788 659 1841 ferens
679 1788 826 1840 pelayo
851 1795 885 1828 et
899 1787 1084 1842 flammis
1111 1788 1296 1827 restantia
1336 1787 1484 1828 Troiae.

86 1865 135 1893 ac
164 1852 376 1895 similiter:

199 1920 255 1974 Π,
288 1923 368 1962 115
396 1923 524 1976 adytis
552 1923 645 1963 haec
672 1924 800 1963 tristia
828 1924 945 1963 verba
972 1930 1163 1976 reportat.

88 1987 175 2029 Vix
205 1988 438 2044 quidquam
466 1989 776 2045 proficeremus,
815 1992 850 2031 si
886 2003 1033 2031 omnes
1069 1990 1252 2045 proferre
1279 1989 1429 2031 vellem
1456 1990 1583 2044 locOS,

88 2057 244 2111 quibus
284 2058 412 2099 verba
448 2059 668 2112 separandi
708 2072 815 2111 puro
853 2058 1033 2099 ablativo
1076 2060 1218 2099 iuncta
1258 2061 1357 2099 sunt
1397 2083 1448 2087 —
1485 2061 1586 2099 sunt

85 2137 222 2178 paene
253 2127 427 2167 trecenti
459 2151 510 2157 ——
542 2138 681 2181 neque
714 2138 787 2167 eos
816 2125 1051 2167 adscribere
1078 2127 1122 2166 in
1153 2126 1293 2166 animo
1323 2127 1398 2178 est,
1428 2124 1582 2179 quibus

85 2194 418 2245 praepositiones
459 2195 749 2245 inveniuntur,
785 2206 920 2247 eoque
956 2194 1093 2246 magis
1132 2193 1209 2233 hac
1248 2204 1372 2245 opera
1408 2205 1582 2246 possum

86 2259 374 2314 supersedere,
412 2262 512 2316 quia
541 2261 828 2303 onomasticon
860 2259 1149 2315 Vergilianum
1178 2259 1368 2314 proximo
1397 2262 1582 2315 tempore

86 2327 345 2380 proditurum
389 2340 484 2368 esse
528 2328 650 2368 nobis
693 2329 946 2382 promissum
985 2330 1072 2377 est3
1118 2327 1196 2366 hoc
1236 2330 1376 2367 autem
1410 2339 1582 2367 monere

85 2394 228 2449 velim,
255 2396 438 2451 primum
465 2397 820 2451 praepositionem
850 2395 981 2437 multo
1007 2395 1143 2437 rarius
1172 2394 1255 2449 legi
1281 2408 1407 2450 quam
1426 2408 1579 2451 purum

86 2463 316 2505 ablativum
347 2488 400 2493 —
431 2464 614 2517 octogies
650 2463 736 2505 fere
767 2488 817 2493 —
851 2467 942 2504 tum
974 2464 1099 2517 longe
1128 2462 1320 2517 plurimis
1357 2464 1460 2504 locis
1489 2475 1581 2504 eam

88 2544 172 2575 non
203 2543 510 2586 supervacuam
540 2543 634 2573 esse
665 2531 738 2573 sed
768 2531 818 2574 ad
850 2543 1023 2574 sensum
1053 2531 1347 2585 necessariam,
1373 2531 1581 2586 imprimis
