1709 2978
693 139 971 180 -14—

79 262 200 304 illudi
229 274 352 304 suem
382 274 479 304 cum
508 263 682 318 triginta
709 263 846 318 porcis
876 261 956 304 sub
987 266 1146 317 quercu
1173 263 1380 305 invenies.
1440 261 1581 317 Surgit

81 330 250 371 Aeneas
291 332 332 370 et
367 332 561 383 precatur
588 330 689 372 deos
717 330 983 383 domesticos,
1018 327 1305 385 Thybrimque
1342 329 1577 385 compellat:

77 392 206 438 ‘adsis
241 412 263 438 o
299 403 454 437 tantum
492 404 526 438 et
563 397 733 451 propius
771 403 841 437 ma
879 396 1045 437 numina
1073 394 1256 452 firmes-P
1320 398 1424 439 Ecce
1450 403 1581 438 autem

80 465 250 505 subitum
286 470 401 518 atque
437 463 558 504 oculas
592 463 772 504 mirabile
798 469 1016 503 monstmm
1054 467 1096 505 et
1135 478 1173 520 q.
1205 477 1296 521 sqq.
1354 464 1502 520 Itaque
1535 463 1579 505 hi

84 532 166 573 duo
196 532 276 573 loci
306 529 420 582 VIII,
451 532 504 571 42
537 543 627 585 sqq.
659 534 700 572 et
730 530 781 571 81
812 543 902 584 sqq.
939 532 987 571 ut
1013 531 1098 572 iam
1127 530 1361 573 Conradino
1390 523 1448 572 ita
1476 531 1580 572 mihi

81 597 201 639 firmo
243 597 414 639 vinculo
451 599 585 639 iuncti
614 597 812 638 videntur
841 596 970 651 idque
1003 597 1131 638 etiam
1160 599 1294 654 magis
1324 600 1507 654 apparet,
1543 598 1580 639 si

83 666 244 706 confers
279 662 549 718 Dionysium,
587 678 676 718 cap.
708 664 784 705 56:
829 663 955 720 ἕτεροι
998 658 1046 703 δὲ
1083 663 1276 720 λέγουσιν,
1321 661 1582 722 ἀδημονοῦντι

82 734 142 784 τῷ
169 726 276 789 ἀνδρὶ
307 763 315 772 .
340 764 348 772 .
373 763 382 772 .
413 730 537 773 αὐτοῦ
567 764 575 772 .
599 763 607 772 .
630 763 638 772 .
660 726 714 780 ὡς
743 732 883 787 ἔτυχεν
909 728 1140 772 αὐλισθέντι
1168 727 1242 778 τὴν
1269 726 1391 774 νύκτα
1422 732 1579 785 ἐκείνην,

83 798 288 843 ἐπιστῆναι
334 793 512 856 μεγάλην
552 796 640 840 τινὰ
677 800 742 840 καὶ
778 795 1017 855 θαυμαστὴν
1054 799 1225 840 ἐνυπνίου
1253 803 1336 841 τῶν
1370 803 1479 842 θεῶν
1504 815 1580 840 τινι

81 868 164 905 τῶν
190 866 365 922 πατρίων
404 870 657 908 εἰκασθεῖσαν
686 862 787 921 ὄψιν,
803 862 858 906 τὰ
881 866 1086 922 λεχθέντα
1116 870 1240 923 μικρῷ
1269 862 1455 925 πρότερον
1483 863 1578 908 ὑπο-

68 932 307 990 .τιθ·εμέν·ην.
364 937 416 987 τῇ
461 929 500 974 δ’
537 927 627 982 ἑξῆς
660 929 787 990 ἡμέρᾳ
821 927 1034 991 τριάκοντα
1069 933 1234 990 λέγεται
1273 935 1426 992 χοίρους
1467 934 1579 975 ἐκτε-

82 1002 209 1054 κεῖν)
269 1001 414 1042 Unum
444 1003 586 1042 tamen
605 999 864 1042 Ribbeckius
892 1003 1004 1042 recte
1033 1001 1151 1054 vidit,
1180 1001 1380 1056 languere
1400 999 1578 1054 Thybris

83 1068 313 1109 orationem
350 1081 457 1122 quae
496 1068 548 1110 ad
577 1067 754 1110 verbum
782 1067 938 1109 Heleni
968 1069 1211 1110 vaticinium
1252 1070 1411 1123 repetat
1438 1080 1578 1123 neque

81 1137 224 1176 tamen
254 1135 341 1176 ullo
371 1136 542 1177 vinculo
572 1136 766 1178 videatur
791 1148 841 1178 eo
863 1148 1037 1177 conexa.
1083 1134 1189 1177 Cum
1211 1147 1309 1177 vero
1330 1135 1434 1176 haec
1452 1133 1580 1176 verba

83 1214 106 1242 e
135 1204 256 1243 textu
284 1215 500 1245 removere
531 1216 616 1245 non
642 1205 868 1258 possimus,
893 1203 1114 1245 difficultas
1134 1203 1254 1245 aliter
1273 1202 1475 1244 solvenda
1494 1204 1577 1243 est:

84 1267 261 1324 Scripsit
289 1272 413 1324 poeta
441 1272 627 1325 primum
658 1270 754 1313 libri
774 1272 908 1313 octavi
929 1270 1083 1324 locum,
1112 1270 1186 1326 qui
1206 1282 1282 1325 per
1302 1282 1348 1312 se
1369 1271 1579 1324 spectatus

82 1338 237 1392 optime
278 1340 378 1389 stat,
427 1335 573 1393 'postea
609 1338 763 1380 librum
801 1338 969 1379 tertium
999 1335 1234 1392 composuit
1274 1339 1316 1378 et
1354 1336 1579 1391 augurium

87 1396 255 1459 quoque
279 1406 369 1448 suis
390 1404 509 1447 albae
529 1406 575 1447 in
597 1406 713 1461 prius
735 1408 902 1460 tempus
921 1405 1104 1459 reduxit,
1132 1407 1181 1446 ut
1200 1405 1337 1459 operis
1357 1403 1580 1458 particulas

84 1473 219 1527 magis
248 1473 358 1513 inter
389 1485 435 1514 se
464 1474 750 1528 coniungeret,
778 1474 913 1515 octavi
941 1475 1081 1515 autem
1112 1472 1207 1513 libri
1231 1472 1370 1513 locum
1390 1483 1476 1512 non
1496 1472 1578 1512 iam

84 1539 334 1581 immutavit.

196 1607 242 1650 Si
270 1620 371 1649 vero
400 1607 442 1649 id
472 1610 681 1661 tenemuS,
712 1608 824 1662 quod
843 1608 1035 1649 similiter
1053 1608 1137 1649 iam
1158 1607 1200 1648 G.
1223 1607 1365 1661 posuit
1383 1606 1492 1660 (pag.
1511 1605 1580 1659 18)

85 1675 276 1730 singulos
306 1675 509 1716 Aeneidis
539 1674 669 1716 libros
699 1687 794 1717 esse
825 1675 994 1730 singula
1013 1688 1200 1730 corpora,
1228 1687 1337 1730 quae
1358 1674 1581 1728 separatim

84 1755 225 1797 neque
263 1745 496 1784 ceterorum
533 1742 673 1784 habita
709 1743 868 1784 ratione
897 1744 1128 1797 composita
1154 1755 1252 1797 ergo
1281 1754 1356 1796 per
1385 1754 1430 1782 se
1460 1744 1500 1782 et
1528 1739 1580 1782 ab

83 1809 177 1850 aliis
217 1812 377 1852 secreta
414 1810 698 1865 intellegenda
727 1812 883 1863 essent,
924 1812 1050 1865 atque
1080 1810 1117 1851 si
1147 1809 1346 1863 vidimus,
1385 1809 1506 1850 tertio
1534 1808 1580 1848 in

82 1876 189 1937 libro
219 1890 305 1920 non
334 1891 493 1933 paucos
523 1877 637 1920 locos
666 1883 831 1921 exstare
862 1892 912 1921 eo
945 1879 1123 1921 consilio
1153 1879 1426 1933 conscriptos,
1454 1879 1502 1918 ut
1529 1876 1580 1917 ad

83 1945 261 1987 aliorum
299 1945 501 1988 librorum
537 1946 783 2000 referantur,
822 1949 953 2002 utque
983 1947 1027 1988 hi
1056 1946 1108 1988 ad
1137 1947 1246 1988 tertii
1275 1945 1371 1988 libri
1398 1945 1581 1986 rationes

82 2014 372 2067 immutentur,
413 2018 580 2069 poetam
618 2015 747 2069 igitur
782 2027 867 2056 non
906 2015 949 2056 id
987 2016 1140 2070 egisse,
1176 2018 1224 2056 ut
1252 2013 1406 2056 librum
1433 2024 1509 2066 per
1535 2023 1580 2052 se

82 2080 322 2123 absolutum
367 2084 647 2136 componeret,
692 2081 766 2123 sed
805 2082 891 2123 iam
930 2083 974 2123 in
1016 2082 1144 2123 totius
1189 2081 1326 2136 operis
1368 2077 1581 2135 particulis

83 2149 354 2190 conectendis
396 2151 437 2190 et
471 2149 791 2191 reconciliandis
828 2151 1042 2190 versatum
1083 2161 1197 2190 esse:
1235 2149 1272 2188 si
1304 2148 1407 2188 haec
1441 2145 1582 2187 nobis-

83 2228 181 2257 cum
209 2218 471 2271 reputamus,
498 2217 574 2257 vix
602 2215 792 2258 dubitare
821 2227 1065 2271 possumuS,
1096 2215 1199 2270 quin
1227 2215 1375 2256 tertius
1403 2212 1510 2255 liber
1528 2213 1582 2254 sit

178 2396 209 2438 1)
246 2395 320 2430 sive
345 2393 538 2439 Dionysius
562 2393 631 2430 hoc
654 2405 696 2430 ex
720 2394 817 2430 fonte
844 2393 993 2440 Vergilii
1016 2394 1089 2430 sive
1113 2406 1154 2431 ex
1179 2394 1256 2440 ipso
1280 2390 1438 2437 Vergilio
1461 2401 1581 2437 sump-

82 2452 148 2505 sit,
175 2452 268 2499 quod
300 2463 370 2488 non
403 2451 627 2494 credendum,
661 2462 799 2497 semper
821 2452 1009 2489 verisimile
1031 2453 1085 2494 fit,
1112 2450 1311 2494 Vergilium
1333 2449 1454 2485 eodem
1479 2449 1581 2485 modo

82 2521 157 2546 rem
181 2521 359 2552 narrasse3
387 2510 433 2545 cf.
460 2510 580 2552 etiam,
606 2520 696 2555 quae
723 2509 915 2554 Dionysius
940 2511 1047 2545 antea
1069 2508 1107 2544 in
1131 2507 1253 2543 eodem
1269 2507 1385 2552 capite
1402 2507 1444 2543 de
1461 2506 1581 2542 eadem

81 2579 119 2603 re
141 2567 240 2603 dicit.
