1709 2978
694 112 970 153 ...28-

81 246 190 286 quae
219 234 272 275 de
300 233 466 277 Didone
495 239 616 291 poeta
645 238 784 278 narrat
813 249 880 276 vv.
898 236 1023 277 450--
1041 238 1133 279 553.
1179 239 1329 295 Neque
1358 240 1461 281 haec
1490 252 1576 280 uno

79 300 147 341 die
175 301 268 343 fieri
290 306 469 357 possunt
495 304 570 346 sed
599 306 708 346 certe
737 302 879 358 plures
908 303 1090 358 explent.

191 368 356 410 Deinde
386 371 546 412 nullam
574 371 696 412 video
722 382 907 422 causam,
945 382 1021 411 cur
1049 370 1158 413 Dido
1188 385 1303 414 sacra
1332 385 1409 414 sua
1438 371 1576 413 subito

78 448 117 474 v.
151 435 230 476 521
262 435 501 491 abrumpat3
546 441 821 491 expectamus
859 449 952 478 eam
988 438 1025 478 si
1065 439 1234 493 quidem
1251 440 1375 481 ‘curis
1411 437 1576 479 liberari

78 502 193 555 velit,
233 503 402 544 tandem
441 516 591 559 rogum
620 505 889 546 incensuram
920 515 1027 546 esse.
1088 519 1128 547 v.
1162 507 1243 548 638
1271 507 1439 549 demum
1465 505 1576 559 dicit,

79 582 195 611 sacra
223 569 315 611 Iovi
342 570 486 625 Stygio
528 596 559 600 —-
602 572 654 613 de
685 583 767 625 quo
797 573 919 612 antea
940 572 1045 613 nihil
1065 573 1261 616 audimus
1299 599 1327 602 —
1371 585 1478 627 quae
1498 574 1576 613 rite

78 637 306 692 incepisset
347 650 463 679 nunc
500 650 545 679 se
585 638 783 694 perficere
819 637 941 679 velle.
1009 637 1138 681 Porro
1174 643 1394 696 postquam
1423 653 1462 679 v.
1493 637 1576 679 475

78 704 162 744 iam
202 704 387 744 decrevit
424 707 531 746 mori
569 709 693 759 atque
729 705 896 759 quando
934 708 976 746 et
1006 707 1214 759 quomodo
1250 707 1393 759 obiret,
1433 718 1576 747 secum

78 770 288 825 cogitavit,
318 784 416 813 cum
445 785 546 827 rogo
576 773 661 815 iam
691 774 904 815 exstructo
933 786 972 813 V.
1005 772 1086 814 508
1112 768 1227 813 ‘haut
1252 774 1398 828 iynara
1415 769 1568 828 futuri’

79 838 133 877 sit
163 851 261 892 ergo
291 841 446 880 certam
475 842 650 880 mortem
678 843 774 880 ante
802 839 945 880 oculos
974 840 1127 892 videat,
1156 853 1232 881 cur
1252 851 1408 894 quaeso
1432 852 1471 878 v.
1496 837 1576 878 534

78 916 168 959 sqq.
200 906 306 947 istae
335 905 692 948 deliberationes?
750 906 899 961 Neque
931 909 1030 957 scic,
1061 919 1166 948 num
1191 906 1377 948 moribus
1399 904 1575 947 Didonis

78 975 119 1011 et
150 975 322 1014 omnino
359 974 549 1015 mulieris
588 977 733 1028 aptum
773 977 840 1027 sit,
882 974 993 1029 quod
1033 975 1118 1014 iam
1158 974 1350 1028 desperat
1384 976 1424 1014 et
1459 985 1576 1027 spem

79 1039 225 1079 salutis
263 1040 445 1095 deponit,
482 1041 615 1082 donec
644 1043 737 1095 ipse
768 1042 890 1082 cuius
919 1040 1126 1081 desiderio
1158 1042 1419 1082 consumitur
1447 1040 1575 1081 adest.

79 1104 161 1146 Sed
190 1107 303 1148 aliud
333 1107 385 1149 de
412 1108 599 1150 moribus
619 1110 711 1151 eius
733 1108 967 1161 videamus,
998 1107 1110 1162 quod
1131 1108 1285 1154 certius
1306 1111 1379 1150 est.
1438 1122 1476 1148 v.
1495 1108 1577 1148 474

77 1173 187 1215 Dido
217 1176 362 1217 multis
397 1189 445 1217 ac
474 1178 614 1218 saevis
644 1176 833 1231 auguriis
861 1175 1060 1216 exterrita
1088 1176 1263 1216 vesania
1291 1177 1509 1229 corripitur
1537 1177 1579 1216 et
1624 1229 1629 1234 ·

77 1255 175 1284 cum
204 1241 390 1285 Pentheo
428 1246 553 1299 atque
581 1242 728 1286 Oreste
765 1244 1038 1298 comparatur.
1096 1242 1246 1284 Furiae
1277 1244 1417 1284 autem
1446 1242 1578 1284 homi-

78 1323 176 1351 nem
206 1324 331 1366 quem
363 1313 642 1366 arripuerunt,
671 1324 756 1352 non
779 1311 916 1352 solent
935 1310 1157 1363 dimittere,
1180 1311 1425 1365 priusquam
1445 1312 1576 1351 morte

76 1380 293 1432 peccatum
321 1374 423 1431 l'uit3
454 1380 596 1434 itaque
616 1378 825 1420 Didonem
846 1378 1071 1431 insaniam,
1093 1377 1220 1419 simul
1239 1377 1488 1431 conceperit,
1505 1389 1576 1417 us—

78 1457 160 1498 que
183 1446 241 1486 'ad
270 1449 445 1487 mortem
477 1458 646 1500 quoque
674 1457 891 1486 asservare
921 1448 1046 1498 atque
1076 1457 1133 1486 ex
1159 1445 1252 1499 ipsa
1271 1444 1348 1484 hac
1368 1443 1577 1484 dementia

76 1514 251 1553 mortem
288 1512 369 1554 sibi
407 1514 668 1554 consciscere
710 1513 812 1554 mihi
849 1512 1020 1566 quidem
1056 1512 1223 1553 videtur
1256 1522 1430 1551 necesse
1446 1537 1449 1540 -
1468 1522 1573 1551 esse.

76 1576 157 1618 Sed
188 1591 308 1619 mens
339 1580 432 1620 eius
462 1592 548 1620 non
577 1579 650 1620 diu
676 1579 839 1620 turbata
867 1581 944 1631 est,
976 1591 1077 1619 nam
1105 1591 1145 1617 v.
1175 1577 1256 1617 535
1286 1589 1375 1630 sqq.
1406 1588 1576 1630 prorsus

77 1658 180 1686 sana
222 1658 367 1687 secum
411 1645 624 1699 deliberat,
666 1645 767 1700 quid
808 1645 930 1687 faciat
966 1648 1092 1700 atque
1131 1656 1247 1685 nunc
1277 1644 1418 1698 quieta
1448 1645 1488 1684 et
1517 1642 1577 1684 di-

77 1714 229 1754 stincta
266 1707 581 1756 ratiocinatione
624 1713 705 1755 sibi
739 1715 834 1768 ipsa
871 1715 1080 1769 explanat,
1123 1712 1255 1754 solam
1291 1713 1465 1752 mortem
1496 1709 1576 1752 sibi

75 1781 262 1822 relictam
306 1793 426 1832 esse3
469 1794 607 1835 neque
647 1794 744 1822 cum
775 1793 906 1823 naves
935 1794 958 1823 e
988 1783 1110 1836 portu
1138 1778 1448 1834 progredientes
1478 1791 1576 1820 con-

77 1849 237 1903 spiciat,
279 1852 421 1891 mente
461 1851 578 1903 capta
615 1849 793 1902 videtur,
831 1862 928 1890 nam
968 1851 1194 1903 postquam
1232 1857 1397 1887 summo
1439 1845 1576 1887 furore

76 1919 220 1958 contra
248 1918 439 1958 Aeneam
467 1915 673 1970 perfidum
707 1917 843 1957 socios
872 1917 923 1957 ad
951 1929 1066 1958 arma
1093 1914 1271 1966 vocavit,
1313 1913 1450 1953 statim
1478 1912 1577 1954 dicit

75 1998 115 2025 v.
144 1985 250 2026 595:
289 1984 387 2038 quid
416 1982 555 2037 loquor
579 1990 648 2023 aut
675 1983 742 2023 ubi
767 1984 884 2024 sam?
923 1998 1026 2038 quae
1054 1989 1217 2023 mentem
1247 1979 1405 2020 insania
1434 1986 1574 2028 mutat,

77 2051 217 2106 infelix
246 2049 388 2091 Dido!
446 2049 529 2091 Sed
560 2063 599 2089 v.
627 2050 708 2091 642
739 2051 944 2106 legimus:

245 2125 286 2158 at
315 2117 474 2171 trepida
503 2125 538 2157 et
569 2119 711 2171 coeptis
736 2118 973 2158 immanibus
1001 2117 1123 2171 effera
1154 2114 1269 2155 Dido

243 2185 500 2239 sanquineam
528 2184 679 2225 volvens
707 2186 829 2226 aciem
857 2185 1097 2239 maculisque
1125 2181 1319 2223 trementis

243 2253 439 2307 interfusa
463 2266 583 2306 yenas
611 2259 646 2292 et
667 2252 831 2304 pallida
858 2260 982 2293 morte·
1001 2252 1150 2307 futura

243 2319 431 2359 interiora
460 2318 599 2358 domus
627 2319 818 2371 inrumpit
847 2318 985 2358 limina
1010 2325 1045 2359 et
1073 2318 1173 2358 altos

242 2386 458 2428 conscendit
477 2385 708 2441 furibunda
735 2400 862 2441 royos.

76 2454 165 2495 lam
193 2455 297 2495 haec
324 2467 473 2496 rursus
493 2453 602 2495 Dido
631 2454 751 2495 furiis
780 2455 956 2495 vexata!
988 2461 992 2465 '
1024 2452 1184 2502 Quodsi
1212 2451 1288 2492 has
1314 2450 1576 2492 difficultates
1643 2497 1647 2502 ‚

75 2521 180 2563 mihi
221 2522 495 2576 concesseris,
536 2521 675 2563 dicam
713 2521 825 2576 quod
860 2521 981 2563 volo:
1024 2519 1200 2562 Videtur
1234 2520 1280 2561 in
1313 2520 1448 2574 priore
1481 2518 1577 2561 libri
