1709 2978
706 103 982 145 -50--

532 887 738 960 Auctor
778 888 860 938 de-
883 887 999 938 vita
1040 904 1157 938 sua.

756 1049 922 1057 -—.—.-.—-

203 1173 324 1211 Natus
355 1185 422 1221 ego
451 1186 532 1212 sum
562 1175 748 1212 Carolus
777 1173 964 1211 Schiiler
994 1185 1025 1210 a.
1047 1172 1087 1210 d:
1111 1172 1171 1209 III
1200 1171 1280 1210 idus
1308 1172 1460 1210 Martias
1490 1184 1586 1209 anno

94 1240 199 1277 1861
238 1240 399 1279 Lutitiae
441 1240 479 1278 in
521 1241 651 1289 oppido
686 1240 923 1278 Pomeraniae
965 1241 1069 1287 patre
1106 1239 1280 1286 ilenrico,
1322 1239 1397 1276 ludi
1433 1238 1587 1277 literarii

91 1306 278 1354 magistro,
319 1309 434 1346 matre
469 1307 654 1346 Friderica
697 1320 716 1346 e
752 1310 862 1356 gente
907 1306 1147 1345 Heidemann.
1203 1305 1302 1343 Obiit
1342 1308 1456 1354 pater,
1500 1317 1585 1345 can-

91 1374 174 1411 dida
203 1374 336 1421 anima5
368 1386 438 1412 non
468 1372 596 1413 multis
625 1378 710 1423 post
739 1376 845 1413 annis
866 1374 1027 1413 muneris
1048 1372 1231 1410 laboribus
1252 1373 1439 1411 contritus.
1486 1374 1585 1412 Lite—

90 1452 211 1477 rarum
247 1441 437 1479 elementis
466 1441 506 1478 in
535 1441 678 1489 patriae
710 1442 812 1479 urbis
838 1442 962 1479 schola
995 1451 1088 1488 quae
1114 1442 1204 1477 tunc
1228 1439 1420 1478 Brandisio
1447 1442 1584 1479 rectoro

90 1508 244 1544 florebat
274 1507 446 1555 imbutus,
477 1519 567 1555 puer
596 1508 778 1546 duodecim
810 1520 988 1546 annorum
1014 1507 1053 1545 in
1079 1507 1310 1555 gymnasium
1329 1507 1585 1546 Demminense

89 1574 362 1622 transmigravi.
431 1575 607 1612 Doctrina
649 1575 698 1613 ibi
741 1587 797 1613 vv.
835 1576 892 1613 dd.
931 1574 1104 1623 Ebingeri
1149 1576 1187 1612 et
1226 1573 1433 1621 Weichelti‚
1483 1575 1587 1612 suavi

89 1642 198 1680 huius
239 1642 339 1680 illius
382 1653 518 1688 severa,
563 1643 610 1680 ad
652 1642 774 1680 studia
809 1642 1027 1690 philologica
1065 1641 1244 1679 incitabar
1278 1642 1386 1687 atque
1421 1642 1588 1679 sustento

88 1711 264 1747 autumno
305 1708 393 1752 anni
433 1709 537 1747 1878
576 1710 802 1747 maturitatis
836 1700 999 1747 examine
1036 1709 1075 1746 in
1111 1710 1178 1746 hac
1212 1709 1308 1746 alma
1347 1709 1586 1749 universitate

89 1775 421 1824 Gryphiswaldensi
474 1787 539 1824 per
587 1779 666 1814 octo
715 1776 884 1825 deinceps
934 1776 1127 1814 semestria
1174 1776 1391 1824 philologiae
1440 1788 1586 1826 operam

88 1844 232 1882 navavi.

199 1911 411 1948 Docuerunt
453 1922 510 1948 me
552 1922 609 1947 vv.
646 1910 703 1948 dd.
748 1910 953 1958 Kiessling,
1003 1910 1203 1957 Susomihl,
1251 1911 1295 1951 de
1328 1911 1585 1958 Wilamowit23

87 1978 216 2024 Seeck,
275 1978 454 2023 Ulmann;
514 1979 695 2024 Preuner,
755 1979 931 2025 Schuppe.
1018 1977 1348 2016 Exercitationibus
1404 1979 1584 2017 interesse

86 2045 173 2082 mihi
218 2044 321 2082 licuit
363 2044 521 2082 metricis
558 2044 839 2092 Wilamowitzii‚
882 2044 1076 2092 platonicis
1121 2047 1159 2082 et
1201 2044 1432 2084 aristotelicis
1476 2047 1585 2084 Suse-

86 2112 218 2159 mihlii,
267 2111 548 2160 archaeologicis
594 2112 787 2160 Preuneri,
836 2112 1079 2150 Luetiohanni
1123 2112 1382 2159 grammaticis.
1457 2113 1584 2151 Kiess-

85 2179 223 2227 lingius
268 2191 353 2217 vero
398 2182 435 2218 et
469 2179 767 2217 Wilamowitzius
812 2182 854 2216 ut
897 2182 1071 2227 perpetuo
1116 2190 1173 2216 me
1215 2179 1336 2217 favore
1377 2191 1442 2227 per
1479 2192 1584 2219 omne

67 2247 288 2285 ¹studiorum
344 2259 504 2285 meorum
558 2249 702 2295 tempus
756 2249 1088 2295 prosequebantur,
1150 2245 1203 2282 ita
1257 2245 1295 2283 in
1349 2248 1584 2287 seminarium

86 2314 344 2363 philologicum
400 2317 631 2362 receperunt,
691 2315 794 2353 cuius
852 2326 916 2363 per
972 2314 1046 2352 tria
1099 2313 1291 2351 semestria
1345 2315 1398 2353 fui
1447 2317 1582 2355 sodalis

87 2381 293 2419 ordinarius
335 2393 401 2429 per
441 2393 555 2418 unum
593 2382 725 2419 senior.
790 2383 996 2420 Ulmannus
1033 2381 1162 2420 deinde
1199 2382 1356 2429 benigne
1392 2383 1582 2431 concessit,

86 2449 128 2485 ut
166 2447 277 2485 etiam
310 2447 473 2486 historici
509 2447 694 2486 seminarii
724 2448 1024 2487 exercitationum
1053 2461 1118 2498 per
1146 2448 1219 2487 tria
1250 2450 1441 2488 semestria
1469 2450 1582 2499 parti-

85 2526 170 2563 ceps
199 2516 333 2553 fierem.
