1709 2978
702 112 977 153 —12—

90 248 199 289 quae
230 237 353 277 antea
381 235 602 290 scripserat
638 235 813 278 oblitum
841 249 935 278 esse
971 240 1228 288 statuamus,
1265 246 1364 275 nam
1393 235 1438 275 in
1467 235 1587 276 tertio

89 300 194 342 libro
223 302 469 343 vaticinium
502 315 589 344 non
628 303 777 344 leviter
812 306 939 358 atque
978 304 1152 345 strictim
1180 301 1394 355 attingitur
1424 300 1499 342 sed
1525 303 1589 342 ter

90 381 185 409 cum
220 370 263 410 vi
304 370 599 423 pronuntiatur
638 370 749 423 (365.
792 370 929 423 394.)-;
974 371 1049 412 sed
1093 381 1243 410 versus
1287 368 1453 422 septimi
1494 366 1588 408 libri

89 437 248 490 priores
278 437 363 477 nati
400 439 519 490 sunt,
557 449 655 477 cum
681 440 805 492 poeta
823 438 885 478 'in
923 439 1059 492 prima
1088 437 1227 491 operis
1256 437 1372 490 parte
1400 433 1589 475 nondum

90 502 259 546 haberet
297 504 466 558 locum,
505 505 556 546 ad
593 517 719 560 quem
758 506 928 548 referret
965 505 1181 548 oraculum
1220 504 1273 546 de
1301 502 1460 544 mensis
1490 514 1589 544 con-

90 570 332 625 sumendis,
379 573 491 627 quod
538 574 584 614 in
622 573 736 615 fonte
781 586 858 615 suo
898 571 1143 615 inveniebat
1158 572 1202 626 1).
1270 569 1397 612 Hunc
1432 569 1588 611 fontem
1630 560 1632 563 ¹

89 642 260 680 secutus
289 641 473 694 primum
494 641 777 683 consumebat
796 644 997 694 eventum
1018 641 1207 682 vaticinii
1226 640 1351 693 eique
1371 638 1587 691 adnexuit,

89 705 131 746 id
157 705 383 760 aliquando
410 707 553 749 datum
599 721 715 762 esse,
755 709 879 750 modo
918 711 1076 763 patrem
1107 706 1339 747 Anchisem
1378 707 1589 747 auctorem

89 774 291 825 nominat,
322 786 407 814 non
428 775 643 815 oraculum
663 775 914 817 Dodoneum
935 786 1075 829 neque
1096 772 1299 825 Sibyllam
1328 771 1586 824 Erythream.

88 837 240 882 Postea
268 841 404 895 ipsam
424 842 766 884 vaticinationem
786 841 997 884 erroribus
1027 842 1199 883 Aeneae
1225 840 1417 892 inseruit,
1445 840 1493 880 ut
1514 838 1589 880 hic

88 907 134 946 in
173 909 330 948 eventu
369 909 529 949 oraculi
565 909 617 949 ad
663 912 818 950 certam
856 921 946 950 rem
981 912 1103 949 antea
1137 908 1345 947 narratam
1381 906 1589 959 respicere

88 976 231 1028 posset
264 977 390 1029 atque
433 976 566 1029 prima
604 977 808 1018 Aeneidis
850 989 944 1031 pars
990 987 1088 1017 cum
1130 974 1358 1027 posteriore
1399 972 1519 1015 firmo
1549 975 1590 1014 et

89 1044 199 1081 arcto
229 1041 401 1082 vinculo
428 1046 726 1085 conecteretur.
1505 1032 1509 1037 ’

200 1107 351 1161 Neque
379 1109 498 1150 aliter
526 1110 711 1153 iudicare
740 1122 917 1164 possum
946 1109 997 1150 de
1026 1110 1145 1150 tertio
1177 1110 1219 1150 et
1246 1113 1391 1150 octavo
1411 1106 1517 1148 libro
1545 1106 1588 1147 id

89 1176 154 1215 est
199 1173 250 1215 de
294 1175 470 1229 augurio
516 1176 607 1217 suis
650 1176 768 1218 albae
808 1171 996 1231 ‘triginta
1031 1175 1215 1230 capitum
1256 1174 1366 1216 setus
1408 1171 1586 1214 enixae’.

93 1240 207 1282 Dicit
233 1241 429 1283 Helenus
458 1242 535 1296 HI,
565 1244 671 1285 389:
803 1288 806 1295 Ζ

367 1323 455 1349 cum
482 1310 553 1351 tibi
578 1310 739 1353 sollicito
768 1312 901 1353 secreti
925 1312 981 1352 ad
997 1310 1183 1368 fluminis
1210 1309 1362 1350 undam

368 1377 513 1417 litoreis
541 1378 675 1432 inqem
702 1380 855 1420 inventa
875 1379 952 1418 sub
980 1378 1130 1419 ilicibus
1157 1392 1222 1417 sus

371 1446 533 1500 triyinta
562 1446 738 1500 capitum
764 1446 865 1496 fetus
894 1446 1010 1486 eniaea
1036 1445 1173 1486 iacebit

367 1514 459 1553 alba
488 1514 569 1554 solo
598 1514 786 1554 recubam
813 1513 896 1552 albi
921 1513 1067 1552 circum
1096 1512 1217 1552 ubera
1244 1512 1331 1551 nati
1342 1527 1355 1551 .-

367 1582 399 1622 is
428 1581 532 1623 locus
557 1580 665 1622 urbis
690 1580 775 1630 erit,
804 1580 954 1635 requies
982 1594 1028 1621 ea
1057 1585 1162 1621 certa
1191 1578 1383 1620 laborum.

90 1652 132 1690 et
155 1647 335 1703 Thybris
367 1647 485 1702 VIII,
513 1650 589 1690 42:

371 1716 433 1758 hio
460 1717 532 1758 tibi
559 1723 664 1757 certa
694 1717 832 1758 domus
852 1717 947 1758 certi
977 1741 1030 1747 ——
1060 1731 1108 1757 ne
1136 1715 1278 1756 absiste
1300 1739 1351 1745 —
1375 1720 1560 1767 penates:

357 1784 522 1840 jamque
549 1785 619 1825 tibi
645 1800 692 1826 ne
718 1799 822 1825 vana
843 1790 961 1838 putes
989 1784 1082 1826 haec
1099 1785 1255 1840 finyere
1282 1796 1461 1824 somnum

369 1852 515 1893 litoreis
545 1852 678 1906 inqem
705 1853 858 1893 inventa
886 1852 956 1892 sub
984 1852 1134 1893 ilicibus
1156 1866 1221 1892 sus

184 1956 222 1998 1)
251 1955 294 1990 cf.
319 1955 424 1990 Dion.
449 1955 479 1997 I,
507 1957 569 1990 55:
602 1953 666 1988 ἐπεὶ
696 1952 732 1987 δὲ
767 1953 799 1987 αἱ
834 1953 1063 1998 παρατεθεῖσαι
1098 1953 1215 1998 τροφαὶ
1248 1947 1490 1994 κατανάλωντο,
1526 1951 1591 1985 τῶν

88 2010 341 2057 ὑπεστρωμένων
371 2008 478 2051 αὑτοῖς
508 2011 638 2046 σελίνων
666 2010 725 2045 εἶτε
754 2010 862 2056 ἰτρίων
886 2010 984 2056 ἔφαγέ
1008 2023 1051 2050 τις
1073 2011 1127 2044 καὶ
1151 2003 1246 2048 αὖθις
1270 2009 1383 2053 ἕτερος.
1433 2007 1464 2042 ἐν
1483 2005 1589 2054 τούτῳ

89 2066 238 2114 τυγχάνει
262 2081 305 2108 τις
328 2065 425 2103 εἰπών
448 2069 506 2104 εἴτε
531 2070 598 2103 τῶν
622 2068 739 2104 Αἰνείου
762 2069 896 2112 παίδων,
921 2067 966 2108 ὥς
988 2065 1085 2112 λόγος
1110 2066 1184 2112 ἔχει,
1209 2066 1268 2101 εἴτε
1291 2066 1359 2100 τοῖν
1382 2061 1589 2111 ὁμοσκήνων·

87 2124 173 2161 Ἀλλ’
199 2125 276 2174 ἡμῖν
304 2139 339 2171 γε
367 2123 432 2171 ἤδη
462 2128 516 2161 καὶ
545 2125 564 2170 ἡ
597 2123 738 2172 τράπεζα
760 2124 1004 2171 κατεδήδεσται·
1029 2124 1074 2165 ὠς
1098 2124 1134 2160 δὲ
1157 2125 1254 2159 τοῦτο
1277 2119 1429 2168 ἥκουσαν,
1458 2118 1591 2162 ἅπαντες

89 2181 348 2230 ἀνεθορύβησαν,
373 2183 418 2225 ὠς
441 2182 482 2220 τὰ
507 2186 623 2230 πρῶτα
647 2185 704 2220 τοῦ
729 2181 948 2231 μαντεύματος
970 2179 1036 2228 ἤδη
1062 2184 1147 2229 σφίσι
1171 2182 1262 2222 τελος
1287 2180 1365 2226 ἔχοι.
1412 2173 1452 2224 ἦν
1474 2176 1538 2225 γάρ
1562 2184 1590 2214 τί

91 2243 259 2288 θέσφατον
288 2239 404 2286 αὐτοῖς,
435 2240 480 2282 ὥς
505 2241 561 2288 μέν
585 2255 660 2281 τινες
683 2242 813 2286 λέγουσι
836 2241 867 2276 ἐν
889 2239 1034 2288 Δωδώνῃ
1059 2237 1235 2287 γενόμενον,
1265 2237 1310 2278 ὥς
1334 2236 1361 2273 δ’
1388 2239 1487 2283 ἕτεροι
1510 2234 1590 2283 γρά-

91 2312 200 2344 φουσιν
224 2298 446 2344 ἐνἘρυθραῖς
470 2300 590 2345 σχεδίῳ
615 2299 672 2342 τῆς
690 2293 790 2341 Ἴδης,
815 2297 897 2332 ἔνθα
922 2293 996 2345 ᾤκει
1012 2298 1156 2343 Σίβυλλα
1180 2296 1334 2342 ἐπιχωρία
1357 2293 1462 2342 νύμφη
1486 2307 1590 2340 χρησ-

92 2353 212 2403 μῳδὸς,
241 2352 263 2402 ἥ
295 2354 401 2397 αὐτοῖς
430 2355 547 2402 ἔφρασε
576 2356 663 2390 πλεῖν
692 2354 740 2389 ἐπὶ
769 2356 904 2401 δυσμῶν
933 2353 1039 2399 ἡλίου,
1070 2356 1130 2394 ἕως
1159 2351 1200 2389 ἄν
1223 2353 1262 2394 εἷς
1286 2354 1382 2388 τοῦτο
1406 2349 1444 2388 τὸ
1468 2353 1590 2399 χωρίον

91 2414 243 2458 ἔλθωσιν,
273 2414 305 2448 ἐν
329 2408 358 2462 ᾧ
381 2415 568 2449 κατέδονται
592 2410 648 2452 τοὶς
673 2412 837 2457 τραπέζας.
887 2414 930 2448 cf.
957 2414 1052 2448 Serv.
1079 2413 1123 2447 ad
1147 2411 1216 2453 ΙΙΙ,
1242 2413 1325 2448 256:
1351 2414 1391 2446 ut
1415 2411 1528 2451 Varro
1551 2411 1589 2445 in

90 2472 243 2508 secundo
272 2472 471 2508 divinarum
501 2471 602 2513 dixit,
638 2471 817 2506 oraculum
853 2471 920 2506 hoo
953 2481 973 2505 a
1005 2470 1193 2506 Dodonaeo
1219 2470 1301 2505 Iove
1324 2468 1418 2515 apud
1441 2467 1590 2514 Epirum

91 2533 315 2575 acceperunt.
