1709 2978
712 91 989 132 -41-

216 212 265 266 V,
293 215 372 256 251
396 214 601 268 principio
622 224 729 267 pars
756 213 880 254 terrai
904 212 1093 253 nonulla
1113 219 1281 266 perusta

404 281 546 323 solibus
574 280 753 321 adsiduis
779 280 904 321 multa
924 278 1090 333 Pulsum
1109 279 1263 333 pedum
1289 279 1329 320 vi

400 346 578 400 pulveris
606 346 762 388 exhalat
789 347 982 388 nebulam.

200 413 268 469 VI,
297 415 379 456 428
580 441 587 449 ·
887 413 1002 469 freta
1030 414 1177 455 circum

398 481 624 535 fervescunt
648 481 820 535 yraviter
848 481 1089 534 spirantibus
1115 481 1236 522 indta
1252 480 1413 536 flabris.

105 549 153 591 cf.
182 551 356 605 insuper
382 548 417 602 I,
446 547 564 589 1033.
594 546 650 601 11,
678 549 745 590 44.
778 548 871 591 965.
896 547 974 603 III,
992 547 1096 590 305.
1127 547 1221 590 893.
1248 547 1341 590 964.
1374 548 1468 589 504.
1497 547 1592 589 834.

104 616 180 670 IV,
220 617 309 658 107.
347 617 439 658 519.
472 616 564 656 638.
597 616 717 656 1023.
751 617 869 658 1114.
909 615 963 669 V,
994 616 1085 656 114.
1119 615 1212 656 372.
1242 616 1336 656 410.
1372 615 1467 656 607.
1500 614 1593 655 705.

108 684 198 725 798.
224 683 342 727 1103,
369 681 444 736 Vl,
467 683 559 724 544.
580 683 675 724 822.
734 683 875 738 Atque
905 684 1077 739 saepius
1105 684 1328 724 occurrunt
1354 682 1594 736 participia:

105 752 236 793 ictus
336 749 413 801 III,
442 750 524 792 430
552 765 578 789 a
606 749 712 790 tenui
736 764 854 790 causa
881 750 1008 803 maqis
1033 750 1109 791 icta
1138 755 1310 790 movetur

340 816 409 871 VI,
439 818 531 858 514.
564 817 683 859 1102.

105 886 327 940 percitus
352 883 407 938 II,
439 885 518 925 129
548 883 670 924 multa
697 883 841 924 videbis
869 882 971 924 enim
988 882 1126 937 playis
1152 883 1208 923 ibi
1227 884 1384 936 percita
1409 882 1529 924 eaeeis

435 953 437 955 ’
466 961 468 963 ’
548 957 785 992 commutare
812 950 929 991 viam.

356 1019 411 1073 Π,
444 1019 535 1060 715.
569 1019 689 1060 1055.
718 1017 794 1071 ΠΙ,
824 1018 890 1058 33.
921 1016 974 1071 V,
1008 1019 1097 1060 188.
1130 1018 1223 1060 399.
1253 1019 1347 1060 423.

106 1088 334 1128 concitus
364 1086 417 1140 V,
448 1088 525 1127 189
550 1086 862 1139 ponderibusque
885 1085 965 1125 suis
992 1093 1220 1126 consuerunt
1249 1085 1396 1126 concita
1415 1086 1538 1140 ferri.

353 1152 408 1208 11,
439 1154 534 1195 239.
563 1152 639 1207 IV,
670 1153 760 1194 181.
795 1151 848 1205 V,
876 1153 971 1193 424.

106 1224 310 1265 coactus
335 1221 412 1274 III,
469 1221 522 1262 68
689 1219 859 1260 homines
889 1219 984 1259 dum
1013 1233 1052 1260 se
1070 1219 1182 1274 falso
1210 1227 1359 1261 terrore
1387 1221 1510 1261 coacti

546 1287 722 1342 effuyisse
749 1286 879 1327 volum
905 1285 1025 1340 lonye.

106 1355 155 1396 cf.
185 1353 325 1410 Verg.:
364 1369 406 1396 eo
433 1362 580 1396 terrore.
608 1369 738 1396 omnes
764 1361 873 1408 terqa
897 1359 1060 1394 vertunt.

330 1421 406 1476 III,
436 1423 516 1464 487
684 1422 723 1463 vi
748 1421 877 1463 morbi
905 1434 1020 1474 saepe
1048 1427 1200 1461 coactus

547 1497 636 1531 ante
666 1489 795 1531 oculos
823 1488 965 1543 aliquis
991 1493 1144 1528 nostros
1174 1495 1216 1528 ut
1235 1488 1423 1544 fulminis
1451 1490 1528 1530 ictu

547 1557 723 1597 concidit.

106 1625 210 1667 Vult
236 1624 457 1666 Lucretius
483 1637 551 1665 res
580 1636 685 1678 quas
713 1626 852 1665 narrat
877 1623 1101 1666 lectoribus
1132 1638 1257 1679 quam
1287 1626 1596 1667 accuratissime

106 1704 318 1747 exponere
347 1694 388 1733 et
415 1691 636 1744 illustrare,
678 1694 802 1745 atque
841 1692 1055 1733 materiam
1098 1692 1198 1732 satis
1241 1704 1432 1746 asperam
1471 1705 1597 1748 quam

105 1761 250 1800 tractat
283 1760 320 1800 si
355 1760 643 1814 respiciamus,
680 1760 756 1799 vix
793 1771 891 1800 eum
929 1760 1165 1814 vituperare
1202 1771 1446 1812 possumuS,
1487 1759 1598 1812 quod

105 1826 338 1868 identidem
374 1829 565 1868 accurata
599 1839 647 1868 ac
673 1839 803 1882 prope
832 1827 961 1868 anxia
990 1826 1206 1881 diligentia
1233 1827 1499 1882 participium
1528 1826 1597 1867 vel

106 1895 163 1935 ita
203 1895 334 1947 ponit,
372 1896 420 1934 ut
456 1894 561 1941 nihil
600 1896 699 1935 novi
737 1894 882 1935 afferre
922 1895 996 1935 sed
1032 1893 1208 1935 verbum
1238 1893 1405 1935 finitum
1434 1896 1597 1934 tantum

106 1964 294 2016 repetere
323 1961 532 2002 videatur:
1021 1966 1026 1972 ⁴

190 2028 266 2082 Vl,
297 2029 377 2069 178
405 2035 447 2068 ut
475 2029 606 2069 omnia
635 2037 741 2070 motu
768 2054 823 2060 ——
844 2031 1117 2086 percalefaeta
1146 2031 1251 2072 vides
1277 2031 1487 2071 ardescere.

300 2096 379 2137 583
408 2096 526 2137 incita
555 2111 642 2137 cum
669 2097 725 2137 vis
753 2122 807 2129 —
835 2099 1033 2153 emyitata
1051 2099 1171 2155 foras
1192 2098 1423 2151 erumpitur.

302 2166 380 2205 121
509 2177 514 2181 ·
659 2166 803 2206 tonitru
829 2181 1010 2207 conmassa
1037 2167 1215 2207 videntur

410 2233 543 2273 omnia
568 2247 683 2286 saepe
708 2234 825 2287 qravi
849 2240 1010 2292 tremere
1036 2240 1070 2274 et
1099 2232 1246 2273 divolsa
1275 2238 1431 2285 repente

408 2300 586 2339 mamima
615 2300 823 2347 dissiluisse
851 2301 1008 2353 capacis
1034 2299 1185 2339 moenia
1213 2299 1364 2339 mundi.

191 2364 269 2420 III,
300 2365 377 2406 501
412 2366 506 2418 (vis)
566 2397 575 2406 .
607 2397 617 2406 .
649 2397 658 2405 .
687 2367 845 2407 divisa
872 2381 1043 2407 seorsum

411 2433 692 2475 disiectatur
720 2434 852 2475 eodem
882 2433 949 2474 illo
979 2433 1212 2474 distracta
1240 2447 1394 2475 veneno.

109 2501 353 2543 Ablativum
391 2500 443 2542 ab
481 2500 684 2542 adiectivo
719 2501 969 2555 pendentem
1005 2501 1064 2541 ita
1093 2503 1139 2541 ut
1168 2500 1384 2555 Vergilius
1411 2504 1601 2555 usurpat,
