1709 2978
718 104 994 146 ...53-

174 227 267 282 XII,
298 228 376 270 371
407 243 485 269 non
512 227 598 268 tulit
626 227 830 268 instantem
858 225 1033 281 Pheqeus
1059 226 1276 281 animisque
1293 226 1541 280 frementem.

25 336 29 340 .
109 297 173 340 De
198 293 447 351 ‘hospitio'
488 295 534 348 (I,
566 297 658 337 299.
697 294 773 349 ΙΠ,
804 296 869 335 83.
908 293 980 347 ΙΧ,
1011 295 1106 346 361)
1145 295 1230 336 iam
1266 294 1450 337 Kernius
1488 298 1599 337 reete

108 364 323 417 iudicavit,
359 376 499 418 neque
528 364 678 406 minus
696 362 747 404 de
775 362 942 404 casibus
968 358 1123 403 ‘rivis‘
1160 361 1227 414 (V,
1256 363 1337 404 200
1364 363 1486 404 sudor
1497 382 1500 384 Δ
1502 362 1600 418 fluit

110 431 279 486 undique
315 431 408 471 rivis
418 446 431 479 ,-
478 429 590 483 VIII,
620 430 702 471 445
728 429 827 486 fluit
855 444 919 470 aes
946 430 1041 479 rivis
1069 430 1234 485 aurique
1261 429 1477 484 metallum)
1516 442 1599 471 cu-

109 499 241 542 mulo
271 497 321 552 (I,
338 498 417 540 105
445 497 659 553 insequitur
685 496 837 538 cumulo
859 505 1105 552 praeruptus
1129 512 1257 553 aquae
1282 512 1392 538 mons
1400 513 1413 546 ,-
1443 496 1498 551 II,
1516 498 1598 555 498

108 566 235 607 amnis
262 590 316 596 -—-
337 565 474 620 fertur
510 566 551 606 in
586 579 684 605 arva
707 565 852 619 furens
878 565 1043 617 cumulo)
1085 565 1179 615 aliis
1218 567 1325 619 (pag.
1357 566 1437 618 36).
1497 566 1599 607 Adi-

108 632 256 676 cienda
285 634 401 676 sunt:
558 628 561 632 ’

190 699 269 753 ΙΠ,
298 700 378 741 134
407 715 536 741 arcem
568 700 740 741 attollere
766 700 881 740 tectis.

196 766 271 819 VI,
301 767 380 808 657
412 768 596 822 conspicit
626 799 635 808 .
670 800 677 808 .
711 798 720 807 .

410 835 588 876 vescentis
613 835 830 889 laetumque
857 834 972 875 choro
993 849 1157 887 paeana
1183 835 1364 875 canentis.

175 902 266 957 VII,
298 903 375 944 581
545 902 729 942 attonitae
757 901 915 942 Baccho
943 916 1103 942 nemora
1131 902 1222 942 avia
1250 899 1394 943 matres

409 969 596 1009 insultant
620 969 784 1009 thiasis·

217 1060 380 1102 Deinde
425 1072 531 1114 quos
576 1060 711 1101 attulit
753 1059 938 1101 Kernius
981 1073 1072 1114 pag.
1106 1060 1158 1099 36
1201 1072 1338 1113 casus,
1382 1059 1595 1100 absolutos

105 1140 240 1182 paene
281 1127 599 1179 nominaverim,
643 1127 741 1180 quia
781 1139 950 1181 prorsus
991 1128 1195 1182 participii
1232 1128 1371 1169 locum
1400 1127 1593 1181 explent:

105 1194 160 1248 II,
190 1195 271 1235 225
312 1201 353 1233 at
385 1193 530 1247 qemini
562 1193 678 1246 lapsu
715 1194 876 1234 delubra
906 1194 962 1233 ad
987 1208 1141 1233 summa
1171 1194 1358 1234 dracones
1387 1193 1595 1248 effuqiunt3

105 1260 181 1314 ΠΙ,
211 1263 290 1302 225
331 1267 372 1300 at
409 1260 531 1300 subito
564 1259 747 1315 horrifico
775 1261 891 1314 lapsu
919 1261 966 1301 de
993 1260 1185 1300 montibus
1213 1261 1355 1300 adsunt
1383 1260 1596 1314 Ιιαηηχὶαες

105 1329 159 1382 ΙΙ,
189 1329 268 1369 565
299 1342 469 1381 corpora
497 1327 599 1367 saltu
627 1353 681 1358 -—
709 1328 765 1367 acl
793 1335 939 1368 terram
968 1328 1128 1375 misere,-
1163 1326 1214 1381 X,
1245 1329 1325 1369 269
1355 1327 1529 1368 brevibus
1558 1341 1597 1366 se

104 1396 258 1436 credere
285 1395 386 1435 saltu
398 1410 410 1442 ,·
447 1394 542 1448 VII,
567 1396 650 1436 464
679 1395 869 1435 emsultanst
897 1402 1004 1435 aestu
1032 1395 1162 1436 latices
1174 1412 1186 1443 ,·
1226 1396 1325 1449 XII,
1355 1395 1436 1435 668
1465 1395 1597 1435 obtutu

103 1463 218 1503 tacito
245 1462 368 1509 stetit3
414 1464 661 1517 saepissime
692 1464 750 1504 ita
777 1464 993 1504 invenitur
1021 1476 1171 1504 cursu
1206 1463 1260 1516 II,
1286 1464 1363 1504 321
1406 1477 1594 1517 cursuque

104 1544 235 1570 amens
261 1530 316 1568 ad
341 1530 458 1570 litora
482 1531 631 1584 tendit,·
668 1531 746 1571 736
776 1545 944 1584 namque
966 1531 1057 1570 avia
1085 1545 1201 1570 cursu
1231 1556 1281 1559 —
1312 1531 1406 1569 dum
1434 1544 1592 1584 sequor,

105 1598 146 1636 et
186 1596 304 1650 fuga
340 1596 415 1650 IV,
442 1598 493 1638 72
535 1597 605 1638 illa
622 1598 729 1652 fuya
757 1598 874 1637 silvas
901 1597 1095 1652 saltusque
1116 1605 1330 1651 peraqrat,·
1373 1599 1451 1638 281
1482 1597 1594 1637 ardet

105 1663 213 1703 abire
231 1663 338 1717 fuya
368 1664 564 1718 dulcisque
590 1664 806 1718 relinquere
833 1671 987 1710 terras3
1018 1665 1068 1718 V,
1086 1665 1166 1705 218
1195 1665 1249 1704 sic
1268 1665 1357 1717 ipsa
1367 1665 1475 1719 fuqa
1492 1672 1594 1705 secat

107 1729 242 1770 ultima
266 1730 408 1772 Pristis
435 1746 620 1786 aequora.

216 1821 448 1863 Adicienda
476 1824 614 1864 autem
645 1822 746 1863 mihi
775 1822 993 1863 videntur:

105 1888 203 1930 leto
260 1888 333 1943 IX,
363 1890 444 1930 433
473 1890 637 1931 volvitur
666 1891 871 1946 Euryalus
897 1891 979 1931 leto.

285 1956 335 2010 X,
363 1959 446 2000 418
474 1965 516 1998 ut
543 1959 670 1999 senior
697 1958 769 1999 leto
798 1959 974 1999 canentia
1002 1958 1151 1998 lumina
1179 1958 1299 1998 solz-it.

105 2035 275 2065 somno
323 2025 394 2066 Ee.
424 2023 499 2078 VI,
559 2027 610 2066 14
641 2025 821 2067 Chromis
843 2034 877 2066 et
900 2026 1117 2081 Mnasyllos
1147 2027 1189 2066 in
1215 2033 1329 2066 antro

642 2093 817 2134 Silenum
838 2094 960 2148 pueri
986 2108 1118 2135 somno
1147 2093 1275 2134 videre
1303 2094 1500 2133 iacentem.

353 2161 399 2201 G.
431 2160 505 2213 IV,
535 2162 617 2202 404
636 2162 762 2215 facile
791 2169 831 2202 ut
859 2177 992 2203 somno
1019 2162 1253 2215 aclyrediare
1282 2162 1477 2202 iacentem.

103 2239 226 2292 atque
275 2240 492 2293 gerundiis
545 2241 706 2283 nando
754 2240 824 2294 (V,
869 2241 963 2293 594)
1017 2243 1056 2281 et
1098 2240 1311 2281 volando
1358 2239 1446 2292 (VI,
1499 2240 1591 2290 199)

104 2317 210 2358 quae
240 2309 351 2348 reete
377 2306 560 2349 Kernius
588 2309 669 2350 hue
696 2308 854 2350 rettulit
886 2307 1074 2356 addenda
1104 2310 1231 2348 sunt:-

214 2384 268 2439 ΙΙ,
295 2386 319 2426 6
599 2389 684 2443 quis
713 2388 810 2429 talia
829 2388 962 2443 fando

379 2452 678 2508 Myrmidonum
706 2454 955 2508 Dolopumve
981 2461 1050 2494 aut
1075 2454 1169 2494 duri
1194 2454 1302 2495 miles
1340 2455 1450 2496 Ulixi

377 2529 560 2575 temperet
581 2538 608 2562 a
633 2523 805 2564 lacrimis
819 2522 839 2562 fl
