1709 2978
734 130 984 170 ..-2-

278 248 476 304 Polydori
503 252 648 293 iussus
678 250 792 294 abire
822 264 953 294 naves
985 253 1111 296 solvit
1138 256 1179 296 et
1209 253 1306 297 Deli
1333 266 1487 310 paucos
1515 252 1604 294 dies

282 320 561 362 commoratus
604 318 655 360 ad
699 318 863 361 Cretam
906 320 1099 376 appellit,
1143 321 1218 364 ubi
1258 321 1450 377 Pergami
1489 319 1604 362 urbis

278 388 447 430 moenia
493 387 658 439 fundat,
709 388 784 428 vix
828 390 970 430 autem
1012 384 1228 431 ‘connubiis
1276 390 1456 445 awisque
1500 387 1606 429 novis

278 462 445 509 operata
492 452 677 496 iuventus'
730 453 866 509 (137),
923 468 1021 498 cum
1073 457 1144 499 lue
1199 459 1344 499 exorta
1389 456 1605 512 penatium

277 523 440 564 monitu
473 525 625 565 terram
664 523 876 578 relinquit.
936 525 1154 566 Autumno
1184 525 1374 567 eiusdem
1405 525 1505 566 anni
1533 536 1606 579 per

278 603 392 632 mare
420 590 679 632 Adriaticum
714 593 860 632 vectus
898 591 948 631 in·
974 591 1096 633 Actio
1131 593 1416 647 promunturio
1451 591 1606 633 hiemat

276 657 408 712 (184),
445 671 544 699 vere
580 659 753 700 ineunte
793 657 910 713 Epiri
951 671 1066 700 oram
1110 659 1257 714 legens
1304 659 1356 701 ad
1393 658 1603 701 Helenum

277 726 483 779 pervenit,
521 725 643 766 cuius
681 724 855 779 imperio
886 723 1030 767 Italiae
1057 726 1168 767 latus
1198 726 1310 782 quod
1340 727 1386 767 in
1415 725 1605 767 occiden-

275 797 361 833 tem
392 794 550 846 spectat
577 793 700 846 petit;
731 792 840 833 circa
873 790 1059 834 Siciliam
1086 794 1269 848 navigat,
1298 794 1494 835 Acestem
1521 793 1605 835 adit

275 858 420 914 ibique
449 861 608 914 patrem
638 858 786 913 sepelit
814 861 856 900 et
881 871 977 901 cum
997 872 1146 902 rursus
1166 872 1320 902 navem
1341 860 1604 913 conscendat,

277 939 300 967 e
341 939 469 968 cursu
504 927 655 968 eicitur
686 929 812 980 atque
851 926 902 967 ad
931 926 1117 967 Africam
1146 926 1308 969 delatus
1338 927 1448 982 apud
1477 926 1604 968 Dido-

275 1006 373 1035 nem
405 993 578 1035 alteram
609 993 791 1035 hiemem
822 992 913 1047 (IV,
937 993 1034 1048 193)
1063 995 1257 1036 moratur.
1318 993 1481 1037 Deinde
1509 1006 1604 1048 pro-

274 1063 391 1103 xima
421 1063 578 1103 aestate
607 1062 652 1103 in
681 1061 865 1104 Siciliam
895 1061 1003 1103 redit
1031 1063 1156 1116 atque
1176 1061 1228 1103 ad
1246 1062 1374 1117 patris
1394 1061 1603 1104 tumulum

273 1129 394 1171 ludos
432 1128 631 1171 funebres
668 1130 862 1183 instituit,
902 1131 1106 1187 autumno
1135 1130 1181 1170 in
1208 1128 1375 1171 Latium
1402 1130 1601 1184 pervenit.

276 1195 420 1250 „Quae
449 1210 547 1239 cum
577 1198 635 1239 ita
664 1210 710 1239 se
726 1197 933 1251 habeant,
970 1198 1078 1253 (pag.
1110 1196 1213 1251 XV)
1246 1196 1476 1252 Vergilium
1507 1209 1602 1239 cum

272 1264 318 1304 in
348 1263 454 1306 libro
476 1263 538 1305 111
567 1264 828 1307 conficiendo
848 1263 1091 1318 elaboraret,
1124 1266 1298 1306 Aeneae
1319 1274 1478 1304 errores
1498 1275 1603 1304 non-

274 1330 375 1373 dum
414 1332 460 1372 in
490 1334 650 1387 septem
678 1332 927 1375 distraxisse
961 1345 1097 1374 annos
1128 1331 1202 1373 sed
1230 1331 1446 1386 vulgarem
1477 1324 1602 1386 quam

272 1397 508 1452 Dionysius
536 1400 652 1452 (antt.
675 1399 708 1453 Ι,
730 1400 799 1453 63)
830 1399 955 1441 habet
982 1400 1136 1441 famam
1166 1400 1337 1453 apparet
1360 1410 1457 1455 esse
1484 1410 1602 1439 secu-

272 1469 376 1520 tum,
407 1479 463 1509 ex
495 1480 579 1522 qua
607 1462 787 1510 duarum
816 1470 980 1511 tantum
1010 1467 1199 1509 hiemum
1228 1467 1359 1522 spatio
1388 1466 1601 1508 interiecto

270 1533 452 1588 ideoque
489 1536 608 1576 tertio
647 1548 773 1588 anno,
811 1538 1035 1590 postquam
1065 1547 1122 1576 ex
1146 1535 1251 1575 Asia
1281 1535 1529 1576 discesserat
1557 1534 1601 1573 in

269 1600 434 1644 Latium
478 1603 693 1656 pervenit,
741 1603 778 1644 si
820 1602 920 1658 quid
957 1615 1056 1644 vero
1095 1602 1284 1657 scrupuli
1318 1602 1516 1654 remanet,
1559 1599 1601 1641 id

271 1681 396 1710 omne
426 1671 577 1711 eximit
604 1671 956 1723 Achaemenides,
985 1670 1058 1724 qui
1089 1668 1140 1711 ab
1173 1669 1312 1723 Ulixe,
1342 1682 1439 1710 cum
1466 1668 1600 1723 primo

210 1790 215 1795 ι
268 1737 306 1777 is
344 1748 532 1778 errorum
570 1751 742 1780 suorum
781 1751 892 1780 anno
923 1737 1150 1791 Cyclopem
1189 1736 1513 1788 excaecavisset,
1554 1735 1597 1776 in

270 1801 413 1845 Sicilia
452 1804 622 1846 relictus
661 1808 754 1860 post
791 1808 876 1847 tres
915 1816 1086 1846 menses
1123 1803 1174 1845 ab
1215 1804 1363 1845 Aenea
1398 1803 1599 1857 exceptus

268 1874 354 1925 est,
411 1872 579 1927 quando
626 1871 709 1926 III,
754 1873 836 1914 645
886 1868 1019 1914 ‘tertia
1068 1872 1152 1912 iam
1201 1871 1319 1912 lunae
1364 1885 1403 1912 se
1452 1884 1598 1911 cornua

267 1938 411 1979 lumine
454 1937 697 1993 complent.'“
766 1938 902 1994 Opere
946 1952 1046 1982 vero
1093 1938 1344 1994 procedente
1389 1936 1598 1993 Vergilius

268 2009 430 2061 septem
459 2020 594 2050 annos
625 2009 815 2049 Aeneam
845 2020 982 2050 errare
1012 2007 1159 2061 voluit,
1197 2009 1244 2049 ut
1273 2006 1497 2049 sollemnes
1527 2004 1598 2046 de-

268 2087 359 2117 cem
390 2087 527 2117 annos
557 2075 806 2130 compleret3
838 2088 937 2118 nam
965 2075 1149 2130 legimus
1179 2073 1214 2128 I,
1244 2073 1348 2115 265:

431 2157 631 2198 moresque
659 2143 755 2183 viri-s
783 2150 817 2184 et
843 2143 1000 2184 moenia
1022 2149 1158 2197 ponet,

265 2211 380 2251 tertia
409 2211 506 2250 dum
536 2209 659 2251 Latio
691 2217 920 2265 reynantem
947 2210 1088 2251 viderit
1116 2216 1246 2251 aestas

264 2285 453 2334 ternaque
480 2278 707 2319 transierim
735 2278 896 2320 Rutulis
924 2278 1088 2319 hibema
1118 2276 1299 2318 subactis.

207 2347 442 2389 Videamus
470 2346 612 2388 locum
631 2344 841 2401 Dionysii,
863 2359 992 2403 quem
1012 2347 1145 2387 totum
1166 2343 1402 2386 exscribam
1421 2355 1594 2387 necesse

95 2419 179 2457 est:
210 2415 296 2473 περὶ
330 2408 378 2455 δὲ
404 2417 489 2454 τῶν
516 2408 678 2470 χρόνων,
707 2414 748 2454 ἐν
775 2411 831 2463 οἷς
860 2414 1030 2460 ἐκτίσθη
1058 2409 1108 2455 τὸ
1136 2412 1352 2464 Λαουίνιον,
1381 2406 1499 2453 ἄλλοι
1524 2410 1595 2469 μὲν

95 2479 231 2530 ἄλλως
257 2481 451 2538 λέγουσιν.
493 2481 581 2536 ἐμοὶ
600 2481 736 2538 μέντοι
754 2475 938 2523 δοκοῦσιν
967 2484 1003 2522 οἱ
1022 2475 1194 2537 δευτέρῳ
1225 2475 1330 2535 μετὰ
1356 2475 1431 2525 τὴν
1458 2473 1594 2528 ἔξοδον

6 2601 9 2604 ‚
92 2546 167 2596 τὴν
205 2549 251 2590 ἐκ
288 2549 432 2606 Τροίας
475 2550 556 2589 ἔτει
598 2547 780 2605 φέροντες
820 2545 945 2594 αὐτὴν
989 2541 1157 2589 εἰκότα
1200 2547 1383 2602 μᾶλλον
1422 2546 1592 2603 λέγειν.
