1709 2978
674 629 883 720 Caput
932 631 1012 703 ΙΙ.

494 793 562 838 De
597 791 776 839 ablativi
814 805 899 839 usu
922 793 1206 855 Vergiliano.

206 968 403 1010 Versanti
432 969 535 1010 mihi
569 970 614 1010 in
645 967 948 1010 conscribenda
967 968 1019 1009 de
1040 968 1212 1011 ablativi
1231 971 1340 1025 apud
1362 969 1591 1023 Vergilium

92 1047 175 1076 usu
205 1035 495 1077 dissertatione
525 1036 571 1076 in
601 1048 753 1077 manus
782 1036 900 1077 venit
920 1034 1068 1077 Kernii
1089 1036 1337 1091 disputatio:
1363 1033 1487 1077 ‘Zum
1507 1033 1592 1075 Ab·

93 1102 194 1143 lativ
224 1102 292 1143 bei
322 1100 504 1156 Vergil‘‚
542 1102 786 1156 Programm
824 1103 897 1143 der
926 1102 1094 1157 Konigl.
1126 1103 1236 1145 Bair.
1267 1101 1594 1145 Studienanstalt

93 1168 370 1211 Schweinfurt
399 1170 528 1223 1881,
567 1173 692 1224 atque
729 1171 813 1211 iam
842 1170 1001 1211 veritus
1034 1181 1144 1223 sum,
1181 1183 1236 1211 ne
1265 1182 1388 1225 opera
1416 1181 1510 1210 mea
1537 1168 1589 1209 ad

92 1237 256 1278 irritum
285 1237 462 1278 caderet.
522 1236 680 1278 Tamen
712 1251 968 1292 quamquam
1000 1238 1132 1279 multa
1160 1238 1230 1278 ille
1250 1238 1316 1278 vir
1335 1237 1478 1278 doctus
1498 1249 1590 1290 pro-

92 1303 200 1357 tulit,
242 1316 351 1358 quae
388 1306 478 1359 ipse
518 1306 601 1345 iam
641 1305 814 1346 reticere
851 1303 996 1358 debe0,
1036 1317 1120 1346 non
1158 1317 1291 1359 pauca
1322 1304 1596 1358 praetermisit

93 1371 377 1424 disputatione
411 1371 553 1426 digna,
582 1384 735 1425 neque,
767 1372 809 1413 id
840 1372 950 1426 quod
981 1372 1252 1425 potissimum
1282 1374 1358 1424 est,
1387 1372 1432 1412 in
1467 1383 1594 1412 usum

92 1438 278 1492 priorum
334 1441 554 1493 poetarum
609 1440 841 1494 inquisivit.
915 1438 1074 1480 Omnes
1128 1440 1269 1479 autem
1326 1439 1593 1492 quaestiones

91 1507 403 1560 grammaticae,
434 1520 542 1561 quae
570 1507 623 1549 de
652 1508 863 1561 scriptoris
884 1507 1063 1548 alicuius
1085 1518 1278 1547 sermone
1305 1507 1593 1557 instituuntur,

90 1576 330 1628 comparato
359 1573 529 1616 demum
561 1575 739 1616 aliorum
769 1575 974 1628 imprimis
1007 1573 1292 1626 antiquiorum
1323 1584 1403 1612 usu
1435 1572 1594 1612 iustum

92 1653 220 1682 suum
245 1641 428 1695 pretium
459 1642 679 1696 accipiunt.
742 1640 925 1683 Conatus
955 1643 1020 1682 est
1045 1638 1205 1682 Paulus
1225 1638 1416 1694 Krueger
1439 1639 1482 1680 in
1511 1637 1594 1679 dis-

91 1708 317 1750 sertatione
356 1721 456 1750 sua:
492 1704 689 1763 ‘Vergilii
727 1709 886 1751 Aeneis
926 1707 1081 1763 quibus
1120 1709 1165 1749 in
1203 1705 1331 1748 rebus
1372 1704 1595 1747 iudicanda

91 1776 146 1816 sit
175 1778 320 1818 secuta
354 1788 448 1817 esse
478 1776 673 1831 exempla
701 1780 889 1818 veterum
921 1779 1137 1831 poetarum
1166 1772 1259 1816 latt?
1326 1772 1450 1815 lenae
1487 1772 1594 1813 1874

90 1846 255 1897 praeter
296 1856 386 1884 rem
425 1844 641 1884 metricam
684 1845 819 1885 etiam
847 1856 1084 1885 sermonem
1122 1842 1326 1883 Aeneidis
1364 1841 1437 1881 tali
1471 1839 1593 1880 modo

90 1912 297 1970 tractare„
349 1909 429 1951 Sed
459 1922 557 1951 cum
585 1913 712 1952 totam
745 1911 832 1952 fere
860 1910 1175 1965 grammaticam
1204 1918 1450 1963 percensere
1480 1905 1594 1959 velit,

92 1990 181 2019 rem
221 1977 468 2032 ampliorem
508 1991 634 2032 quam
674 1992 782 2033 quae
821 1992 907 2019 una
938 1978 1230 2020 dissertatione
1259 1975 1594 2028 absolvi-possit,

92 2045 137 2086 in
170 2037 362 2100 singulos
392 2057 516 2087 casus
546 2042 781 2087 accuratius
811 2046 1025 2100 inquirere
1048 2043 1250 2099 nequibat
1269 2055 1408 2097 neque
1426 2042 1471 2083 in
1489 2041 1594 2083 Ver-

90 2113 192 2168 gilio
237 2125 377 2168 neque
416 2114 462 2155 in
497 2115 633 2168 poetis
672 2114 869 2168 antiquis.
928 2112 1138 2168 Equidem
1169 2110 1406 2165 comparavi
1434 2112 1595 2164 praeter

92 2181 211 2235 epica
240 2182 441 2234 carmina,
472 2194 580 2236 quae
610 2184 706 2223 ante
728 2181 964 2236 Vergilium
995 2182 1177 2232 exstant,
1207 2179 1334 2220 etiam
1363 2177 1594 2231 fragmenta

91 2248 328 2303 tragoediae
369 2249 537 2303 latinae,
578 2251 677 2304 quia
706 2250 832 2291 etiam
864 2262 1002 2290 sermo
1030 2247 1214 2302 tragicus
1244 2247 1386 2299 utpote
1415 2243 1593 2287 sublime

92 2328 230 2370 genus
260 2315 429 2358 dicendi
452 2315 640 2371 Vergilio
670 2317 865 2371 exemplo
896 2329 990 2358 esse
1019 2317 1188 2370 poterat.
1247 2311 1424 2367 Operam
1454 2315 1594 2354 autem

91 2383 201 2437 dedi,
249 2385 297 2424 ut
331 2383 622 2438 exemplorum
659 2396 766 2439 quae
805 2385 926 2426 attuli
969 2395 1194 2426 numerum
1236 2382 1438 2435 quantum
1476 2379 1595 2434 potui

91 2451 267 2504 plenum
308 2454 351 2492 et
388 2442 600 2506 integrum
638 2453 886 2506 proferrem3
931 2454 967 2493 si
998 2453 1094 2506 quis
1133 2451 1251 2491 locus
1285 2462 1353 2490 me
1382 2448 1501 2503 fugit,
1540 2449 1595 2488 sit

92 2519 195 2560 mihi
224 2530 370 2574 precor
402 2519 537 2561 venia.
