1709 2978
727 83 1001 124 ...43-

207 205 283 260 IV,
315 207 395 248 138
424 206 487 247 cui
507 205 705 260 pharetra
733 219 781 247 ecc
804 220 916 255 amo,
947 197 1071 247 crines
1098 205 1296 246 nodantur
1325 204 1367 244 in
1397 219 1554 245 aurum.

230 271 280 327 V,
312 274 400 314 266-
421 273 535 314 tertia
564 273 669 313 dona
688 273 795 328 facit
818 274 990 327 qeminos
1018 287 1066 314 ea·
1093 265 1183 313 aere
1213 271 1363 312 lebetas.

165 339 284 395 VIII,
315 341 394 383 621
424 340 589 382 loricam
617 355 664 382 ea:
692 354 782 382 aere
810 340 1010 395 riqentem.

157 407 204 448 G.
234 407 311 461 ΠΙ,
341 409 394 449 13
422 407 544 448 viridi
569 407 611 447 in
640 421 780 460 campo
807 407 994 460 templum
1023 408 1071 449 de
1098 421 1297 448 marmore
1318 420 1484 459 ponam.

231 473 310 529 XI,
339 475 390 516 10
420 473 661 529 clipeumque
690 488 737 515 ex
764 488 854 515 aere
877 474 1057 516 sinistrae
1085 498 1139 504 -
1167 472 1345 528 subliqat.

119 543 156 583 si
190 541 395 583 ailiectivo
434 542 603 583 iunctus
643 544 706 582 est
734 540 955 596 ablativus,
991 543 1178 597 exceptis
1209 540 1374 583 duobus
1403 541 1506 582 locis
1540 541 1611 594 VI,

121 609 173 651 69
203 612 244 651 et
271 608 343 664 XI,
372 609 453 651 850
481 609 733 663 praepositio
757 608 891 653 deest:

247 676 284 732 Ι,
316 678 393 719 167
424 677 506 718 vivo
535 676 673 718 sedilia
701 691 808 717 saaeo.

208 743 284 799 ΠΙ,
313 745 392 786 286
419 745 502 784 υίυο
523 743 803 797 praetervehor
830 744 929 784 ostia
948 758 1055 784 sacw.

315 813 397 853 304
425 826 515 852 aere
543 826 634 851 cavo
662 811 830 863 clipeum
861 836 911 840 -—
932 812 1112 864 postibus
1141 812 1314 852 adversis
1332 812 1431 866 fiqo.

313 879 394 921 688
424 877 656 918 Hectoreum
683 877 739 917 ad
766 877 972 928 tumulum„
1002 879 1123 919 viridi
1140 893 1253 934 quem
1273 878 1612 931 caespiteinanem

423 952 458 985 et
481 945 656 998 yeminas
683 959 840 984 causam
866 945 1039 986 lacrimis
1066 953 1289 987 sacraverat
1316 961 1423 986 aras.

203 1010 277 1065 VI,
308 1011 387 1052 552
416 1011 616 1066 solidoque
642 1011 854 1052 adamante
874 1011 1092 1053 columnae.

150 1079 197 1120 G.
228 1078 284 1132 II,
312 1079 390 1120 241
420 1079 545 1132 spisso
573 1078 713 1118 vimine
742 1078 904 1133 quallos.

208 1145 284 1200 ΠΙ,
342 1147 395 1188 29
423 1146 557 1187 navali
583 1146 772 1200 suryentis
799 1160 888 1188 aere
917 1146 1115 1189 columnas
1129 1148 1168 1200 ¹).

122 1217 249 1269 atque
277 1214 376 1255 dicit
404 1217 528 1267 poeta
554 1215 679 1255 etiam
873 1202 880 1208 ⁸

250 1280 284 1335 Ι,
316 1280 394 1322 166
425 1281 593 1335 scopulis
614 1281 874 1334 pendentibus
899 1289 1058 1322 antrum

120 1350 163 1390 id
204 1351 267 1390 est
300 1345 482 1390 ‘antrum
521 1361 632 1403 scop.
669 1349 793 1402 pend.
832 1350 997 1390 sactum.
1057 1349 1276 1391 Lucretius
1305 1349 1378 1389 tali
1407 1351 1611 1389 structura

120 1417 182 1458 uti
210 1429 294 1458 non
325 1428 455 1459 ausus
486 1416 673 1471 scripsit:
1493 1407 1503 1420 ‘

211 1483 286 1536 VI,
315 1484 393 1525 195
422 1489 504 1523 tum
524 1484 676 1536 poteris
703 1497 869 1536 maynas
896 1483 1014 1524 moles
1041 1498 1263 1537 coquoscere
1292 1498 1425 1524 eorum

137 1557 142 1561 ’
197 1570 200 1572 ·
422 1549 699 1605 speluncasque
727 1550 849 1591 velut
876 1552 1006 1592 saa-is
1028 1551 1348 1604 pendentibus
1375 1559 1581 1592 structas

421 1630 585 1657 cernere·

119 1686 231 1727 addit
267 1686 531 1740 participium
565 1688 606 1725 et
630 1680 797 1739 ‘velut’,
834 1690 880 1727 ut
919 1687 1200 1741 metaphoram
1239 1691 1427 1729 excuset.
1484 1687 1608 1742 Apud

119 1754 296 1808 tragicos
326 1764 494 1807 quoque
521 1752 765 1794 invenimus
794 1754 875 1794 inc.
908 1753 993 1795 sed.
1026 1753 1073 1794 fr.
1106 1754 1177 1795 74:

415 1834 496 1873 per
523 1818 725 1872 speluncas
751 1821 881 1861 saxis
909 1828 1111 1861 structas
1140 1822 1290 1875 asperis
1311 1820 1580 1874 pendentibus.

232 1886 287 1928 Ut
315 1899 414 1928 vero
444 1886 673 1934 ablativum
702 1888 899 1929 materiae
929 1886 1139 1944 Vergilius
1170 1888 1431 1930 substantivo
1461 1888 1609 1942 iungit,

117 1955 175 1996 ita
213 1955 338 1996 etiam
375 1954 604 1997 ablativum
643 1956 818 2010 originis
849 1956 970 1997 modo
1001 1971 1025 1998 a
1056 1956 1317 1999 substantivo
1354 1956 1608 2010 pendentem

116 2022 234 2063 facit:

165 2123 173 2131 .
202 2089 280 2143 XI,
311 2089 391 2130 666
422 2103 535 2144 quem
562 2089 634 2131 telo
651 2091 836 2143 primum
864 2105 976 2146 quem
998 2098 1242 2144 postremum
1272 2105 1415 2144 aspera
1446 2091 1552 2144 virqo

423 2226 609 2266 Euneum
640 2225 767 2281 Clytio
787 2227 970 2281 primum
992 2233 1127 2280 patre,
1158 2228 1264 2267 cuius
1292 2233 1473 2280 apertum

420 2293 575 2334 adversi
601 2293 718 2348 lonqa
745 2294 1029 2336 transverberat
1056 2295 1176 2336 abiete
1195 2301 1344 2348 pectus.

213 2453 249 2493 1)
282 2452 325 2487 ef.
358 2452 452 2497 apud
481 2452 688 2489 Lucretium
723 2453 753 2496 I,
779 2454 846 2489 118
873 2455 1018 2498 perenm·
1034 2454 1163 2498 fronde
1196 2465 1330 2494 corona,
1364 2453 1414 2496 II,
1441 2454 1507 2489 767
1532 2456 1613 2488 cani

118 2509 277 2543 candenti
295 2521 454 2543 marmore
470 2510 606 2552 fluctus.
