1709 2978
716 132 766 138 -
826 108 881 149 34
935 100 992 141 ⁴-

103 239 183 270 nos
208 227 388 272 dicimus
405 226 510 285 ‘vor‚
531 232 654 273 unter
673 230 768 273 dem
791 229 1034 288 Geschoss'‚
1066 234 1213 278 Graeci
1229 230 1320 277 ’ὑπὸ
1340 237 1413 277 τοῦ
1434 233 1591 293 ἔγχους’

104 297 233 338 oratio
263 298 467 351 pedestris
492 295 592 340 ‘telo
621 297 760 340 ictus’.
821 298 1021 342 Similiter
1048 302 1236 356 explices
1265 305 1391 345 velim
1420 304 1554 345 locos:

215 362 271 418 H,
299 365 381 407 492
411 366 518 407 labat
546 366 665 408 ariete
693 366 827 408 crebro
860 392 912 398 —-
938 368 1074 411 ianua.

187 431 266 484 IX,
301 433 380 474 704
408 448 529 489 mque
557 435 658 475 enim
686 434 811 474 iaculo
839 435 959 475 vitam
988 437 1053 478 ille
1081 439 1256 480 dedisset.

297 500 379 541 809
408 502 515 542 saxis
542 501 669 542 solida
698 515 795 542 aera
813 501 1023 556 fatiscunt.

169 565 269 618 XII,
299 567 380 608 209
410 583 498 608 owm
524 568 639 609 semel
667 569 708 608 in
739 567 844 608 silvis
870 569 949 609 imo
975 570 1024 611 de
1052 572 1174 626 stirpe
1200 573 1364 614 recisum

406 642 533 675 matre
560 642 665 675 earet
685 635 895 690 posuitque
921 650 1052 677 comas
1080 645 1115 679 et
1141 639 1323 680 bracchia
1342 640 1459 695 ferro

409 702 501 742 olim
531 703 659 743 arbos.

179 767 226 809 G.
257 767 290 821 I,
320 769 374 809 44
402 768 571 825 zephyro
599 783 638 810 se
663 770 802 824 qlaeba
830 770 993 812 resolvit.

104 836 277 877 deinde:

150 902 266 956 VIH,
297 903 377 944 226
408 905 540 945 deiecit
567 920 708 944 saa-um
727 905 845 959 ferro
874 906 980 960 quod
1005 913 1039 946 et
1070 914 1155 948 arte
1178 915 1349 960 paterna

343 988 347 993 ’
401 972 611 1025 pendebat.
839 1018 840 1021 Ἴ

106 1063 149 1074 ==
180 1039 287 1081 ferro
319 1052 577 1093 suspensum
608 1040 676 1081 vel
707 1039 947 1081 stabilitum.

215 1106 269 1161 II,
299 1108 379 1148 412
658 1107 859 1163 oriturque
887 1108 1110 1148 miserrima
1139 1108 1273 1149 caedes

407 1190 612 1215 armorum
633 1175 744 1229 faeie
773 1182 807 1215 et
836 1175 1057 1217 Graiarum
1088 1190 1220 1216 errore
1248 1176 1430 1216 iubarum

98 1265 148 1276 =
182 1242 358 1283 adducta
385 1241 491 1283 facie
518 1255 728 1283 armorum
760 1243 850 1283 sive
881 1255 936 1284 ex
965 1256 1177 1284 armorum
1206 1244 1321 1284 facie.

214 1308 268 1361 II,
302 1309 379 1349 561
411 1317 453 1349 ut
481 1324 609 1363 reyem
640 1324 872 1364 aequaevom
901 1310 1051 1350 crudeli
1077 1310 1228 1351 volnere
1254 1310 1337 1351 vidi

406 1377 527 1417 vitam
555 1376 799 1419 exhalantem

105 1468 148 1480 =
180 1458 236 1486 ex
268 1446 427 1487 crudeli
456 1446 642 1498 volnere,
671 1445 829 1486 crudeli
858 1446 1030 1488 volnere
1060 1446 1275 1488 afflictum.

215 1511 265 1566 X,
295 1514 377 1555 450
407 1521 476 1554 aut
503 1514 638 1567 spoliis
667 1528 734 1566 eqo
760 1515 842 1554 iam
871 1515 999 1568 raptis
1028 1515 1223 1555 laudabor
1251 1515 1392 1568 opimis

406 1588 475 1621 aut
501 1581 573 1622 leto
602 1581 746 1635 insiqni

101 1646 301 1688 laudabor
331 1650 402 1689 aut
424 1650 524 1703 quia
544 1648 678 1702 spolia
696 1651 817 1703 rapui
837 1652 909 1690 aut
929 1651 1028 1703 quia
1047 1649 1255 1704 praeclare
1279 1651 1466 1689 m01‘tuus
1487 1660 1593 1689 sum.

184 1714 263 1768 XI,
295 1715 374 1757 289
411 1715 586 1755 Hectoris
614 1715 842 1771 Aeneaeque
868 1732 991 1756 ‘manu
1019 1717 1181 1757 victoria
1211 1716 1381 1758 Graium

408 1783 528 1825 haesit

102 1871 146 1883 =
184 1863 315 1892 manu
344 1852 547 1893 retardata
576 1855 650 1893 est.

184 1917 259 1971 VI,
291 1918 372 1960 209
400 1919 454 1959 sie
482 1919 559 1960 leni
586 1920 801 1974 crepitabat
829 1920 979 1961 brattea
1007 1927 1114 1961 vento

102 2009 146 2020 =
178 1985 264 2026 leni
293 1989 420 2028 vento
450 1989 614 2043 agitata.

212 2052 266 2106 II,
302 2053 379 2095 195
409 2054 551 2095 talibus
578 2055 730 2096 insidiis
750 2056 983 2110 periurique
1011 2061 1095 2095 arte
1126 2053 1285 2095 Sinonis

405 2122 554 2162 eredita
582 2124 662 2162 res.'
862 2152 864 2154 -
1270 2160 1274 2164 .

210 2189 422 2243 Imprimis
459 2193 613 2235 autem,
635 2190 841 2231 ablativus
877 2186 1007 2231 ‘fato'
1045 2194 1086 2232 et
1116 2186 1265 2231 ‘fatis'
1306 2191 1347 2230 et
1383 2190 1594 2243 praeposi-

98 2256 212 2297 tione
245 2260 286 2298 et
312 2258 531 2313 participio
555 2263 667 2299 earet
687 2260 728 2299 et
747 2257 955 2313 significat
977 2253 1104 2299 ‘sicut
1122 2257 1205 2299 fato
1226 2256 1478 2298 destinatum
1498 2254 1592 2298 est‘:

183 2322 255 2377 IV,
287 2324 368 2365 696
397 2341 494 2366 ‘nam
525 2326 618 2380 quia
645 2340 713 2366 nee
732 2326 825 2381 fato
854 2327 994 2366 merita
1024 2340 1092 2366 nee
1114 2331 1237 2366 morte
1261 2323 1428 2376 peribat.

117 2443 121 2447 ᾗ
182 2390 256 2445 Vl,
285 2393 367 2433 466
398 2400 614 2434 ecc-tremum
631 2393 724 2448 fato
753 2393 860 2448 quod
887 2399 923 2434 te
950 2392 1146 2448 adloquor
1171 2390 1242 2432 hoo
1269 2397 1334 2431 est.

168 2457 260 2513 VII,
319 2462 372 2502 50
391 2461 507 2517 filius
534 2461 623 2501 huic
642 2462 735 2516 fato
766 2461 895 2502 divom
917 2460 1129 2515 prolesque
1157 2458 1280 2499 virilis
