<?xml version="1.0" encoding="UTF-8"?>
<!DOCTYPE html PUBLIC "-//W3C//DTD XHTML 1.0 Transitional//EN"
    "http://www.w3.org/TR/xhtml1/DTD/xhtml1-transitional.dtd">
<html xmlns="http://www.w3.org/1999/xhtml" xml:lang="en" lang="en">
 <head>
  <title>
</title>
<meta http-equiv="Content-Type" content="text/html;charset=utf-8" />
  <meta name='ocr-system' content='tesseract 3.04.00' />
  <meta name='ocr-capabilities' content='ocr_page ocr_carea ocr_par ocr_line ocrx_word'/>
</head>
<body>
  <div class='ocr_page' id='page_1' title='image "4737840_0021.png"; bbox 0 0 1709 2978; ppageno 0'>
   <div class='ocr_carea' id='block_1_1' title="bbox 725 96 995 137">
    <p class='ocr_par' dir='ltr' id='par_1_1' title="bbox 725 96 995 137">
     <span class='ocr_line' id='line_1_1' title="bbox 725 96 995 137; baseline 0.004 -11"><span class='ocrx_word' id='word_1_1' title='bbox 725 96 995 137; x_wconf 65' lang='lat'>‚10-</span> 
     </span>
    </p>
   </div>
   <div class='ocr_carea' id='block_1_2' title="bbox 101 216 1604 2225">
    <p class='ocr_par' dir='ltr' id='par_1_2' title="bbox 110 216 665 274">
     <span class='ocr_line' id='line_1_2' title="bbox 110 216 665 274; baseline 0 -14"><span class='ocrx_word' id='word_1_2' title='bbox 110 220 236 274; x_wconf 87' lang='lat' dir='ltr'>atque</span> <span class='ocrx_word' id='word_1_3' title='bbox 264 217 432 260; x_wconf 79' lang='lat' dir='ltr'><strong>Aeneas</strong></span> <span class='ocrx_word' id='word_1_4' title='bbox 460 216 538 272; x_wconf 89' lang='lat' dir='ltr'>III,</span> <span class='ocrx_word' id='word_1_5' title='bbox 564 217 665 260; x_wconf 85' lang='lat'>500:</span> 
     </span>
    </p>

    <p class='ocr_par' dir='ltr' id='par_1_3' title="bbox 386 284 1437 342">
     <span class='ocr_line' id='line_1_3' title="bbox 386 284 1437 342; baseline 0.001 -16"><span class='ocrx_word' id='word_1_6' title='bbox 386 285 422 326; x_wconf 78' lang='lat' dir='ltr'>si</span> <span class='ocrx_word' id='word_1_7' title='bbox 449 285 610 340; x_wconf 79' lang='lat' dir='ltr'>quando</span> <span class='ocrx_word' id='word_1_8' title='bbox 648 284 836 340; x_wconf 75' lang='lat' dir='ltr'><strong><em>Thybrim</em></strong></span> <span class='ocrx_word' id='word_1_9' title='bbox 861 284 1063 340; x_wconf 72' lang='lat' dir='ltr'>vicinaque</span> <span class='ocrx_word' id='word_1_10' title='bbox 1102 286 1311 342; x_wconf 60' lang='lat' dir='ltr'>Thybridis</span> <span class='ocrx_word' id='word_1_11' title='bbox 1339 300 1437 327; x_wconf 81' lang='lat' dir='ltr'>arva</span> 
     </span>
    </p>

    <p class='ocr_par' dir='ltr' id='par_1_4' title="bbox 110 353 1337 476">
     <span class='ocr_line' id='line_1_4' title="bbox 387 353 552 395; baseline -0.006 0"><span class='ocrx_word' id='word_1_12' title='bbox 387 353 552 395; x_wconf 76' lang='lat' dir='ltr'>intraro.</span> 
     </span>
     <span class='ocr_line' id='line_1_5' title="bbox 110 418 1337 476; baseline 0.002 -16"><span class='ocrx_word' id='word_1_13' title='bbox 110 424 199 460; x_wconf 91' lang='lat' dir='ltr'>tum</span> <span class='ocrx_word' id='word_1_14' title='bbox 225 423 365 468; x_wconf 84' lang='lat' dir='ltr'>autem</span> <span class='ocrx_word' id='word_1_15' title='bbox 394 421 439 464; x_wconf 89' lang='lat' dir='ltr'>in</span> <span class='ocrx_word' id='word_1_16' title='bbox 471 424 619 476; x_wconf 88' lang='lat' dir='ltr'>quarto</span> <span class='ocrx_word' id='word_1_17' title='bbox 641 420 755 462; x_wconf 80' lang='lat' dir='ltr'>&#39;libro</span> <span class='ocrx_word' id='word_1_18' title='bbox 785 418 923 461; x_wconf 90' lang='lat' dir='ltr'>subito</span> <span class='ocrx_word' id='word_1_19' title='bbox 953 421 1134 461; x_wconf 87' lang='lat' dir='ltr'>occurrit</span> <span class='ocrx_word' id='word_1_20' title='bbox 1163 434 1203 460; x_wconf 89' lang='lat' dir='ltr'>v.</span> <span class='ocrx_word' id='word_1_21' title='bbox 1234 422 1337 470; x_wconf 81' lang='lat'>347:</span> 
     </span>
    </p>

    <p class='ocr_par' dir='ltr' id='par_1_5' title="bbox 522 486 1282 542">
     <span class='ocr_line' id='line_1_6' title="bbox 522 486 1282 542; baseline 0 -13"><span class='ocrx_word' id='word_1_22' title='bbox 522 488 685 529; x_wconf 78' lang='lat' dir='ltr'>Italiam</span> <span class='ocrx_word' id='word_1_23' title='bbox 713 501 900 541; x_wconf 74' lang='lat' dir='ltr'>maynam</span> <span class='ocrx_word' id='word_1_24' title='bbox 929 486 1109 542; x_wconf 66' lang='lat' dir='ltr'>Gvynetoe</span> <span class='ocrx_word' id='word_1_25' title='bbox 1135 487 1282 541; x_wconf 79' lang='lat' dir='ltr'><em>Apollo</em></span> 
     </span>
    </p>

    <p class='ocr_par' dir='ltr' id='par_1_6' title="bbox 103 553 1604 1417">
     <span class='ocr_line' id='line_1_7' title="bbox 387 553 1604 609; baseline 0 -15"><span class='ocrx_word' id='word_1_26' title='bbox 387 554 551 596; x_wconf 78' lang='lat' dir='ltr'>Italiam</span> <span class='ocrx_word' id='word_1_27' title='bbox 580 553 728 609; x_wconf 73' lang='lat' dir='ltr'>Lyciae-</span> <span class='ocrx_word' id='word_1_28' title='bbox 755 555 898 595; x_wconf 68' lang='lat' dir='ltr'>iussere</span> <span class='ocrx_word' id='word_1_29' title='bbox 926 567 1125 608; x_wconf 71' lang='lat' dir='ltr'><strong><em>capessere</em></strong></span> <span class='ocrx_word' id='word_1_30' title='bbox 1153 561 1272 595; x_wconf 80' lang='lat' dir='ltr'>sortes</span> <span class='ocrx_word' id='word_1_31' title='bbox 1306 555 1371 608; x_wconf 89' lang='lat' dir='ltr'>(ef.</span> <span class='ocrx_word' id='word_1_32' title='bbox 1399 554 1604 606; x_wconf 82' lang='lat'><strong>376-77)</strong></span> 
     </span>
     <span class='ocr_line' id='line_1_8' title="bbox 107 620 1601 676; baseline 0 -14"><span class='ocrx_word' id='word_1_33' title='bbox 107 621 188 662; x_wconf 88' lang='lat' dir='ltr'>His</span> <span class='ocrx_word' id='word_1_34' title='bbox 217 635 324 676; x_wconf 86' lang='lat' dir='ltr'>quae</span> <span class='ocrx_word' id='word_1_35' title='bbox 345 622 584 664; x_wconf 81' lang='lat' dir='ltr'>continetur</span> <span class='ocrx_word' id='word_1_36' title='bbox 611 621 834 663; x_wconf 88' lang='lat' dir='ltr'>difficultas</span> <span class='ocrx_word' id='word_1_37' title='bbox 855 620 972 661; x_wconf 86' lang='lat' dir='ltr'>nulla</span> <span class='ocrx_word' id='word_1_38' title='bbox 991 621 1331 676; x_wconf 82' lang='lat' dir='ltr'><strong>interpretatione</strong></span> <span class='ocrx_word' id='word_1_39' title='bbox 1349 621 1439 664; x_wconf 92' lang='lat' dir='ltr'>tolli</span> <span class='ocrx_word' id='word_1_40' title='bbox 1456 623 1601 676; x_wconf 88' lang='lat' dir='ltr'>potest.</span> 
     </span>
     <span class='ocr_line' id='line_1_9' title="bbox 107 687 1604 744; baseline 0 -15"><span class='ocrx_word' id='word_1_41' title='bbox 107 687 219 730; x_wconf 84' lang='lat' dir='ltr'>Dicit</span> <span class='ocrx_word' id='word_1_42' title='bbox 252 690 419 731; x_wconf 82' lang='lat' dir='ltr'><strong>Aeneas</strong></span> <span class='ocrx_word' id='word_1_43' title='bbox 450 688 629 744; x_wconf 90' lang='lat' dir='ltr'>Didoni,</span> <span class='ocrx_word' id='word_1_44' title='bbox 673 702 718 731; x_wconf 92' lang='lat' dir='ltr'>se</span> <span class='ocrx_word' id='word_1_45' title='bbox 749 688 898 741; x_wconf 84' lang='lat' dir='ltr'>Grynii</span> <span class='ocrx_word' id='word_1_46' title='bbox 927 687 979 730; x_wconf 90' lang='lat' dir='ltr'>ab</span> <span class='ocrx_word' id='word_1_47' title='bbox 1009 688 1221 742; x_wconf 85' lang='lat' dir='ltr'>Apolline,</span> <span class='ocrx_word' id='word_1_48' title='bbox 1257 688 1335 730; x_wconf 90' lang='lat' dir='ltr'>deo</span> <span class='ocrx_word' id='word_1_49' title='bbox 1364 688 1604 741; x_wconf 88' lang='lat' dir='ltr'>domestico,</span> 
     </span>
     <span class='ocr_line' id='line_1_10' title="bbox 106 755 1603 812; baseline 0.001 -17"><span class='ocrx_word' id='word_1_50' title='bbox 106 755 268 797; x_wconf 86' lang='lat' dir='ltr'>Italiam</span> <span class='ocrx_word' id='word_1_51' title='bbox 313 769 517 812; x_wconf 88' lang='lat' dir='ltr'>quaerere</span> <span class='ocrx_word' id='word_1_52' title='bbox 543 759 723 799; x_wconf 84' lang='lat' dir='ltr'>‘iussum</span> <span class='ocrx_word' id='word_1_53' title='bbox 763 767 890 812; x_wconf 77' lang='lat' dir='ltr'>esse,</span> <span class='ocrx_word' id='word_1_54' title='bbox 916 755 988 796; x_wconf 91' lang='lat' dir='ltr'>sed</span> <span class='ocrx_word' id='word_1_55' title='bbox 1026 755 1154 797; x_wconf 90' lang='lat' dir='ltr'>huius</span> <span class='ocrx_word' id='word_1_56' title='bbox 1197 756 1354 797; x_wconf 88' lang='lat' dir='ltr'>oraculi</span> <span class='ocrx_word' id='word_1_57' title='bbox 1395 757 1439 797; x_wconf 93' lang='lat' dir='ltr'>in</span> <span class='ocrx_word' id='word_1_58' title='bbox 1479 756 1603 797; x_wconf 89' lang='lat' dir='ltr'>tertio</span> 
     </span>
     <span class='ocr_line' id='line_1_11' title="bbox 104 822 1602 879; baseline 0 -16"><span class='ocrx_word' id='word_1_59' title='bbox 104 822 209 864; x_wconf 88' lang='lat' dir='ltr'>libro</span> <span class='ocrx_word' id='word_1_60' title='bbox 240 836 319 864; x_wconf 90' lang='lat' dir='ltr'>nec</span> <span class='ocrx_word' id='word_1_61' title='bbox 338 824 434 866; x_wconf 88' lang='lat' dir='ltr'>vola</span> <span class='ocrx_word' id='word_1_62' title='bbox 454 837 533 866; x_wconf 90' lang='lat' dir='ltr'>nec</span> <span class='ocrx_word' id='word_1_63' title='bbox 551 825 779 879; x_wconf 85' lang='lat' dir='ltr'>vestigium</span> <span class='ocrx_word' id='word_1_64' title='bbox 794 824 845 874; x_wconf 87' lang='lat'>¹);</span> <span class='ocrx_word' id='word_1_65' title='bbox 874 823 1057 877; x_wconf 87' lang='lat' dir='ltr'>legimus</span> <span class='ocrx_word' id='word_1_66' title='bbox 1079 822 1251 877; x_wconf 90' lang='lat' dir='ltr'>quidem</span> <span class='ocrx_word' id='word_1_67' title='bbox 1271 837 1310 863; x_wconf 88' lang='lat' dir='ltr'>v.</span> <span class='ocrx_word' id='word_1_68' title='bbox 1335 823 1374 877; x_wconf 88' lang='lat'>5,</span> <span class='ocrx_word' id='word_1_69' title='bbox 1402 822 1602 864; x_wconf 83' lang='lat' dir='ltr'>Troianos</span> 
     </span>
     <span class='ocr_line' id='line_1_12' title="bbox 106 887 1602 946; baseline 0.001 -17"><span class='ocrx_word' id='word_1_70' title='bbox 106 890 233 931; x_wconf 89' lang='lat' dir='ltr'>variis</span> <span class='ocrx_word' id='word_1_71' title='bbox 261 890 403 932; x_wconf 87' lang='lat' dir='ltr'>divom</span> <span class='ocrx_word' id='word_1_72' title='bbox 433 893 622 946; x_wconf 87' lang='lat' dir='ltr'>auguriis</span> <span class='ocrx_word' id='word_1_73' title='bbox 650 892 695 933; x_wconf 90' lang='lat' dir='ltr'>in</span> <span class='ocrx_word' id='word_1_74' title='bbox 727 903 842 932; x_wconf 88' lang='lat' dir='ltr'>mare</span> <span class='ocrx_word' id='word_1_75' title='bbox 870 889 975 931; x_wconf 88' lang='lat' dir='ltr'>latos</span> <span class='ocrx_word' id='word_1_76' title='bbox 1004 901 1114 943; x_wconf 91' lang='lat' dir='ltr'>esse,</span> <span class='ocrx_word' id='word_1_77' title='bbox 1154 889 1228 931; x_wconf 90' lang='lat' dir='ltr'>sed</span> <span class='ocrx_word' id='word_1_78' title='bbox 1256 887 1400 931; x_wconf 88' lang='lat' dir='ltr'>Italiae</span> <span class='ocrx_word' id='word_1_79' title='bbox 1431 892 1478 931; x_wconf 92' lang='lat' dir='ltr'>ut</span> <span class='ocrx_word' id='word_1_80' title='bbox 1504 889 1602 933; x_wconf 89' lang='lat' dir='ltr'>finis</span> 
     </span>
     <span class='ocr_line' id='line_1_13' title="bbox 105 957 1602 1011; baseline 0.001 -14"><span class='ocrx_word' id='word_1_81' title='bbox 105 959 268 998; x_wconf 89' lang='lat' dir='ltr'>itineris</span> <span class='ocrx_word' id='word_1_82' title='bbox 309 959 426 1000; x_wconf 87' lang='lat' dir='ltr'>nulla</span> <span class='ocrx_word' id='word_1_83' title='bbox 461 960 641 1011; x_wconf 89' lang='lat' dir='ltr'>mentio,</span> <span class='ocrx_word' id='word_1_84' title='bbox 685 970 824 1011; x_wconf 90' lang='lat' dir='ltr'>neque</span> <span class='ocrx_word' id='word_1_85' title='bbox 865 959 1002 1011; x_wconf 91' lang='lat' dir='ltr'>potest</span> <span class='ocrx_word' id='word_1_86' title='bbox 1044 957 1200 998; x_wconf 89' lang='lat' dir='ltr'>mentio</span> <span class='ocrx_word' id='word_1_87' title='bbox 1232 969 1343 1008; x_wconf 85' lang='lat' dir='ltr'>esse3</span> <span class='ocrx_word' id='word_1_88' title='bbox 1387 970 1485 998; x_wconf 87' lang='lat' dir='ltr'>nam</span> <span class='ocrx_word' id='word_1_89' title='bbox 1512 959 1602 998; x_wconf 91' lang='lat' dir='ltr'>tum</span> 
     </span>
     <span class='ocr_line' id='line_1_14' title="bbox 105 1023 1602 1078; baseline -0.001 -12"><span class='ocrx_word' id='word_1_90' title='bbox 105 1025 275 1066; x_wconf 86' lang='lat' dir='ltr'><strong>Aeneas</strong></span> <span class='ocrx_word' id='word_1_91' title='bbox 314 1024 531 1068; x_wconf 83' lang='lat' dir='ltr'>Thraciam</span> <span class='ocrx_word' id='word_1_92' title='bbox 570 1027 612 1066; x_wconf 91' lang='lat' dir='ltr'>et</span> <span class='ocrx_word' id='word_1_93' title='bbox 650 1024 838 1078; x_wconf 87' lang='lat' dir='ltr'>Cretam,</span> <span class='ocrx_word' id='word_1_94' title='bbox 874 1024 948 1065; x_wconf 89' lang='lat' dir='ltr'>has</span> <span class='ocrx_word' id='word_1_95' title='bbox 988 1023 1069 1065; x_wconf 88' lang='lat' dir='ltr'>sibi</span> <span class='ocrx_word' id='word_1_96' title='bbox 1098 1024 1325 1065; x_wconf 90' lang='lat' dir='ltr'>destinatas</span> <span class='ocrx_word' id='word_1_97' title='bbox 1355 1036 1450 1066; x_wconf 90' lang='lat' dir='ltr'>esse</span> <span class='ocrx_word' id='word_1_98' title='bbox 1479 1024 1602 1066; x_wconf 89' lang='lat' dir='ltr'>sedes</span> 
     </span>
     <span class='ocr_line' id='line_1_15' title="bbox 105 1091 1601 1147; baseline -0.001 -14"><span class='ocrx_word' id='word_1_99' title='bbox 105 1093 314 1146; x_wconf 84' lang='lat' dir='ltr'>opinatus,</span> <span class='ocrx_word' id='word_1_100' title='bbox 344 1093 457 1134; x_wconf 86' lang='lat' dir='ltr'>adire</span> <span class='ocrx_word' id='word_1_101' title='bbox 487 1093 646 1147; x_wconf 89' lang='lat' dir='ltr'>nequit.</span> <span class='ocrx_word' id='word_1_102' title='bbox 704 1091 793 1133; x_wconf 89' lang='lat' dir='ltr'>Iam</span> <span class='ocrx_word' id='word_1_103' title='bbox 823 1091 943 1133; x_wconf 83' lang='lat' dir='ltr'>vides</span> <span class='ocrx_word' id='word_1_104' title='bbox 974 1091 1143 1133; x_wconf 91' lang='lat' dir='ltr'>vinculo</span> <span class='ocrx_word' id='word_1_105' title='bbox 1174 1091 1355 1146; x_wconf 88' lang='lat' dir='ltr'>quodam</span> <span class='ocrx_word' id='word_1_106' title='bbox 1382 1091 1601 1133; x_wconf 87' lang='lat' dir='ltr'>cohaerere</span> 
     </span>
     <span class='ocr_line' id='line_1_16' title="bbox 106 1158 1601 1215; baseline 0.001 -16"><span class='ocrx_word' id='word_1_107' title='bbox 106 1171 254 1200; x_wconf 90' lang='lat' dir='ltr'>versus</span> <span class='ocrx_word' id='word_1_108' title='bbox 288 1160 424 1214; x_wconf 89' lang='lat' dir='ltr'>quarti</span> <span class='ocrx_word' id='word_1_109' title='bbox 462 1158 558 1200; x_wconf 88' lang='lat' dir='ltr'>libri</span> <span class='ocrx_word' id='word_1_110' title='bbox 587 1171 685 1200; x_wconf 88' lang='lat' dir='ltr'>cum</span> <span class='ocrx_word' id='word_1_111' title='bbox 715 1160 892 1201; x_wconf 92' lang='lat' dir='ltr'>secundi</span> <span class='ocrx_word' id='word_1_112' title='bbox 928 1158 1008 1200; x_wconf 86' lang='lat'>780</span> <span class='ocrx_word' id='word_1_113' title='bbox 1037 1158 1078 1199; x_wconf 87' lang='lat' dir='ltr'>ff.</span> <span class='ocrx_word' id='word_1_114' title='bbox 1120 1184 1143 1187; x_wconf 97' lang='lat'><strong>—</strong></span> <span class='ocrx_word' id='word_1_115' title='bbox 1204 1159 1278 1213; x_wconf 89' lang='lat' dir='ltr'>qui</span> <span class='ocrx_word' id='word_1_116' title='bbox 1307 1161 1348 1200; x_wconf 91' lang='lat' dir='ltr'>et</span> <span class='ocrx_word' id='word_1_117' title='bbox 1374 1160 1453 1214; x_wconf 90' lang='lat' dir='ltr'>ipsi</span> <span class='ocrx_word' id='word_1_118' title='bbox 1481 1173 1601 1215; x_wconf 87' lang='lat' dir='ltr'>argu-</span> 
     </span>
     <span class='ocr_line' id='line_1_17' title="bbox 103 1226 1599 1281; baseline 0.001 -15"><span class='ocrx_word' id='word_1_119' title='bbox 103 1230 245 1267; x_wconf 90' lang='lat' dir='ltr'>mento</span> <span class='ocrx_word' id='word_1_120' title='bbox 275 1229 386 1268; x_wconf 81' lang='lat' dir='ltr'>tertii</span> <span class='ocrx_word' id='word_1_121' title='bbox 428 1226 525 1268; x_wconf 87' lang='lat' dir='ltr'>libri</span> <span class='ocrx_word' id='word_1_122' title='bbox 568 1229 805 1281; x_wconf 83' lang='lat' dir='ltr'>repugnant</span> <span class='ocrx_word' id='word_1_123' title='bbox 849 1250 895 1254; x_wconf 89' lang='lat'>-—-</span> <span class='ocrx_word' id='word_1_124' title='bbox 945 1239 1044 1268; x_wconf 91' lang='lat' dir='ltr'>nam</span> <span class='ocrx_word' id='word_1_125' title='bbox 1071 1228 1249 1281; x_wconf 91' lang='lat' dir='ltr'>utroque</span> <span class='ocrx_word' id='word_1_126' title='bbox 1278 1226 1370 1267; x_wconf 86' lang='lat' dir='ltr'>loco</span> <span class='ocrx_word' id='word_1_127' title='bbox 1413 1227 1508 1268; x_wconf 90' lang='lat' dir='ltr'>iam</span> <span class='ocrx_word' id='word_1_128' title='bbox 1548 1228 1599 1268; x_wconf 92' lang='lat' dir='ltr'>in</span> 
     </span>
     <span class='ocr_line' id='line_1_18' title="bbox 103 1293 1601 1349; baseline 0.001 -15"><span class='ocrx_word' id='word_1_129' title='bbox 103 1294 266 1348; x_wconf 89' lang='lat' dir='ltr'>patria</span> <span class='ocrx_word' id='word_1_130' title='bbox 291 1295 513 1336; x_wconf 85' lang='lat' dir='ltr'>Aeneam</span> <span class='ocrx_word' id='word_1_131' title='bbox 542 1293 600 1335; x_wconf 93' lang='lat' dir='ltr'>de</span> <span class='ocrx_word' id='word_1_132' title='bbox 628 1293 735 1334; x_wconf 88' lang='lat' dir='ltr'>fine</span> <span class='ocrx_word' id='word_1_133' title='bbox 763 1293 968 1334; x_wconf 88' lang='lat' dir='ltr'>itineris</span> <span class='ocrx_word' id='word_1_134' title='bbox 995 1293 1259 1335; x_wconf 89' lang='lat' dir='ltr'>certiorem</span> <span class='ocrx_word' id='word_1_135' title='bbox 1288 1293 1450 1336; x_wconf 89' lang='lat' dir='ltr'>fuisse</span> <span class='ocrx_word' id='word_1_136' title='bbox 1471 1295 1601 1349; x_wconf 85' lang='lat' dir='ltr'>signi—</span> 
     </span>
     <span class='ocr_line' id='line_1_19' title="bbox 103 1358 1599 1417; baseline 0 -16"><span class='ocrx_word' id='word_1_137' title='bbox 103 1360 261 1402; x_wconf 88' lang='lat' dir='ltr'>ficatur.</span> <span class='ocrx_word' id='word_1_138' title='bbox 322 1362 463 1416; x_wconf 83' lang='lat' dir='ltr'>Atque</span> <span class='ocrx_word' id='word_1_139' title='bbox 504 1361 600 1402; x_wconf 88' lang='lat' dir='ltr'>addi</span> <span class='ocrx_word' id='word_1_140' title='bbox 635 1363 814 1416; x_wconf 86' lang='lat' dir='ltr'>possunt</span> <span class='ocrx_word' id='word_1_141' title='bbox 842 1360 907 1401; x_wconf 91' lang='lat' dir='ltr'>his</span> <span class='ocrx_word' id='word_1_142' title='bbox 940 1361 1064 1415; x_wconf 90' lang='lat' dir='ltr'>primi</span> <span class='ocrx_word' id='word_1_143' title='bbox 1092 1358 1188 1401; x_wconf 87' lang='lat' dir='ltr'>libri</span> <span class='ocrx_word' id='word_1_144' title='bbox 1214 1373 1365 1402; x_wconf 84' lang='lat' dir='ltr'>versus</span> <span class='ocrx_word' id='word_1_145' title='bbox 1395 1360 1476 1403; x_wconf 89' lang='grc'>382</span> <span class='ocrx_word' id='word_1_146' title='bbox 1507 1374 1599 1417; x_wconf 85' lang='lat' dir='ltr'><strong>sqq.</strong></span> 
     </span>
    </p>

    <p class='ocr_par' dir='ltr' id='par_1_7' title="bbox 323 1426 1378 1550">
     <span class='ocr_line' id='line_1_20' title="bbox 325 1426 1364 1484; baseline 0 -15"><span class='ocrx_word' id='word_1_147' title='bbox 325 1428 382 1469; x_wconf 69' lang='lat' dir='ltr'>bis</span> <span class='ocrx_word' id='word_1_148' title='bbox 410 1428 518 1469; x_wconf 79' lang='lat' dir='ltr'>denis</span> <span class='ocrx_word' id='word_1_149' title='bbox 548 1427 768 1483; x_wconf 72' lang='lat' dir='ltr'>Phryqium</span> <span class='ocrx_word' id='word_1_150' title='bbox 797 1426 1000 1468; x_wconf 74' lang='lat' dir='ltr'>conscendi</span> <span class='ocrx_word' id='word_1_151' title='bbox 1025 1427 1189 1467; x_wconf 81' lang='lat' dir='ltr'>navibus</span> <span class='ocrx_word' id='word_1_152' title='bbox 1216 1441 1364 1484; x_wconf 75' lang='lat' dir='ltr'>aequor</span> 
     </span>
     <span class='ocr_line' id='line_1_21' title="bbox 323 1495 1378 1550; baseline 0 -13"><span class='ocrx_word' id='word_1_153' title='bbox 323 1503 450 1538; x_wconf 62' lang='grc' dir='ltr'>Μαίη</span> <span class='ocrx_word' id='word_1_154' title='bbox 472 1497 547 1537; x_wconf 81' lang='lat' dir='ltr'>dea</span> <span class='ocrx_word' id='word_1_155' title='bbox 574 1502 813 1537; x_wconf 77' lang='lat' dir='ltr'>monstrante</span> <span class='ocrx_word' id='word_1_156' title='bbox 842 1495 948 1536; x_wconf 83' lang='lat' dir='ltr'>viam</span> <span class='ocrx_word' id='word_1_157' title='bbox 977 1495 1073 1535; x_wconf 80' lang='lat' dir='ltr'>data</span> <span class='ocrx_word' id='word_1_158' title='bbox 1092 1495 1190 1550; x_wconf 80' lang='lat' dir='ltr'>fata</span> <span class='ocrx_word' id='word_1_159' title='bbox 1218 1503 1378 1537; x_wconf 73' lang='lat' dir='ltr'>secutus.</span> 
     </span>
    </p>

    <p class='ocr_par' dir='ltr' id='par_1_8' title="bbox 101 1562 1603 2225">
     <span class='ocr_line' id='line_1_22' title="bbox 102 1562 1603 1617; baseline 0 -12"><span class='ocrx_word' id='word_1_160' title='bbox 102 1564 192 1605; x_wconf 87' lang='lat' dir='ltr'>Iam</span> <span class='ocrx_word' id='word_1_161' title='bbox 220 1563 478 1606; x_wconf 85' lang='lat' dir='ltr'>Ribbeckius</span> <span class='ocrx_word' id='word_1_162' title='bbox 499 1566 545 1605; x_wconf 90' lang='lat' dir='ltr'>ut</span> <span class='ocrx_word' id='word_1_163' title='bbox 570 1564 673 1604; x_wconf 89' lang='lat' dir='ltr'>mihi</span> <span class='ocrx_word' id='word_1_164' title='bbox 690 1563 856 1605; x_wconf 88' lang='lat' dir='ltr'>videtur</span> <span class='ocrx_word' id='word_1_165' title='bbox 883 1562 987 1604; x_wconf 88' lang='lat' dir='ltr'>falso</span> <span class='ocrx_word' id='word_1_166' title='bbox 1008 1562 1232 1617; x_wconf 87' lang='lat' dir='ltr'>concludit,</span> <span class='ocrx_word' id='word_1_167' title='bbox 1259 1564 1429 1605; x_wconf 88' lang='lat' dir='ltr'>tertium</span> <span class='ocrx_word' id='word_1_168' title='bbox 1448 1563 1603 1606; x_wconf 90' lang='lat' dir='ltr'>librum</span> 
     </span>
     <span class='ocr_line' id='line_1_23' title="bbox 104 1628 1603 1685; baseline 0.001 -13"><span class='ocrx_word' id='word_1_169' title='bbox 104 1630 205 1685; x_wconf 87' lang='lat' dir='ltr'>quia</span> <span class='ocrx_word' id='word_1_170' title='bbox 232 1632 278 1671; x_wconf 90' lang='lat' dir='ltr'>in</span> <span class='ocrx_word' id='word_1_171' title='bbox 309 1631 519 1673; x_wconf 90' lang='lat' dir='ltr'>erroribus</span> <span class='ocrx_word' id='word_1_172' title='bbox 544 1631 764 1672; x_wconf 79' lang='lat' dir='ltr'>narrandis</span> <span class='ocrx_word' id='word_1_173' title='bbox 793 1630 933 1672; x_wconf 87' lang='lat' dir='ltr'>locum</span> <span class='ocrx_word' id='word_1_174' title='bbox 966 1629 1088 1671; x_wconf 86' lang='lat' dir='ltr'>illum</span> <span class='ocrx_word' id='word_1_175' title='bbox 1114 1628 1268 1683; x_wconf 77' lang='lat'>11‚780</span> <span class='ocrx_word' id='word_1_176' title='bbox 1289 1643 1375 1681; x_wconf 81' lang='lat' dir='ltr'>non</span> <span class='ocrx_word' id='word_1_177' title='bbox 1394 1632 1603 1685; x_wconf 88' lang='lat' dir='ltr'>respiciat,</span> 
     </span>
     <span class='ocr_line' id='line_1_24' title="bbox 103 1697 1602 1752; baseline 0 -13"><span class='ocrx_word' id='word_1_178' title='bbox 103 1698 290 1740; x_wconf 90' lang='lat' dir='ltr'>secundo</span> <span class='ocrx_word' id='word_1_179' title='bbox 329 1711 424 1740; x_wconf 92' lang='lat' dir='ltr'>esse</span> <span class='ocrx_word' id='word_1_180' title='bbox 462 1700 667 1752; x_wconf 83' lang='lat' dir='ltr'>priorem3</span> <span class='ocrx_word' id='word_1_181' title='bbox 713 1697 924 1752; x_wconf 88' lang='lat' dir='ltr'>fingamus</span> <span class='ocrx_word' id='word_1_182' title='bbox 960 1697 1075 1738; x_wconf 91' lang='lat' dir='ltr'>enim</span> <span class='ocrx_word' id='word_1_183' title='bbox 1107 1698 1278 1746; x_wconf 86' lang='lat' dir='ltr'>tertium</span> <span class='ocrx_word' id='word_1_184' title='bbox 1303 1697 1459 1738; x_wconf 90' lang='lat' dir='ltr'>librum</span> <span class='ocrx_word' id='word_1_185' title='bbox 1484 1699 1602 1752; x_wconf 90' lang='lat' dir='ltr'>prius</span> 
     </span>
     <span class='ocr_line' id='line_1_25' title="bbox 103 1762 1601 1820; baseline 0 -14"><span class='ocrx_word' id='word_1_186' title='bbox 103 1766 322 1819; x_wconf 88' lang='lat' dir='ltr'>scriptum;</span> <span class='ocrx_word' id='word_1_187' title='bbox 370 1765 470 1820; x_wconf 90' lang='lat' dir='ltr'>quid</span> <span class='ocrx_word' id='word_1_188' title='bbox 513 1768 604 1806; x_wconf 92' lang='lat' dir='ltr'>tum</span> <span class='ocrx_word' id='word_1_189' title='bbox 650 1764 730 1806; x_wconf 90' lang='lat' dir='ltr'>sibi</span> <span class='ocrx_word' id='word_1_190' title='bbox 776 1764 925 1806; x_wconf 85' lang='lat' dir='ltr'>volunt</span> <span class='ocrx_word' id='word_1_191' title='bbox 966 1763 1000 1817; x_wconf 94' lang='grc' dir='ltr'>Ι,</span> <span class='ocrx_word' id='word_1_192' title='bbox 1031 1762 1126 1817; x_wconf 87' lang='grc'>382,</span> <span class='ocrx_word' id='word_1_193' title='bbox 1158 1763 1213 1818; x_wconf 93' lang='grc' dir='ltr'>Π,</span> <span class='ocrx_word' id='word_1_194' title='bbox 1248 1765 1341 1818; x_wconf 84' lang='grc'>780,</span> <span class='ocrx_word' id='word_1_195' title='bbox 1371 1763 1446 1818; x_wconf 87' lang='lat' dir='ltr'>IV,</span> <span class='ocrx_word' id='word_1_196' title='bbox 1487 1764 1601 1806; x_wconf 80' lang='lat'>347?</span> 
     </span>
     <span class='ocr_line' id='line_1_26' title="bbox 103 1831 1602 1888; baseline 0.001 -15"><span class='ocrx_word' id='word_1_197' title='bbox 103 1832 326 1874; x_wconf 90' lang='lat' dir='ltr'>Oblitusne</span> <span class='ocrx_word' id='word_1_198' title='bbox 356 1837 443 1874; x_wconf 88' lang='lat' dir='ltr'>erat</span> <span class='ocrx_word' id='word_1_199' title='bbox 470 1836 591 1888; x_wconf 85' lang='lat' dir='ltr'>poeta</span> <span class='ocrx_word' id='word_1_200' title='bbox 617 1834 745 1874; x_wconf 91' lang='lat' dir='ltr'>totius</span> <span class='ocrx_word' id='word_1_201' title='bbox 774 1833 884 1873; x_wconf 86' lang='lat' dir='ltr'>tertii</span> <span class='ocrx_word' id='word_1_202' title='bbox 911 1831 1009 1873; x_wconf 90' lang='lat' dir='ltr'>libri</span> <span class='ocrx_word' id='word_1_203' title='bbox 1032 1834 1328 1886; x_wconf 85' lang='lat' dir='ltr'>argumentum</span> <span class='ocrx_word' id='word_1_204' title='bbox 1347 1834 1473 1887; x_wconf 88' lang='lat' dir='ltr'>atque</span> <span class='ocrx_word' id='word_1_205' title='bbox 1492 1845 1602 1874; x_wconf 89' lang='lat' dir='ltr'>erro-</span> 
     </span>
     <span class='ocr_line' id='line_1_27' title="bbox 101 1898 1601 1956; baseline 0.001 -16"><span class='ocrx_word' id='word_1_206' title='bbox 101 1913 196 1941; x_wconf 89' lang='lat' dir='ltr'>rum</span> <span class='ocrx_word' id='word_1_207' title='bbox 227 1900 440 1941; x_wconf 81' lang='lat' dir='ltr'>rationes?</span> <span class='ocrx_word' id='word_1_208' title='bbox 470 1899 588 1942; x_wconf 89' lang='lat' dir='ltr'>Nulli</span> <span class='ocrx_word' id='word_1_209' title='bbox 617 1900 695 1942; x_wconf 91' lang='lat' dir='ltr'>hoc</span> <span class='ocrx_word' id='word_1_210' title='bbox 714 1898 999 1956; x_wconf 74' lang='lat' dir='ltr'>persuadebis</span> <span class='ocrx_word' id='word_1_211' title='bbox 1060 1900 1129 1941; x_wconf 87' lang='lat' dir='ltr'>An</span> <span class='ocrx_word' id='word_1_212' title='bbox 1155 1900 1327 1942; x_wconf 90' lang='lat' dir='ltr'>tertium</span> <span class='ocrx_word' id='word_1_213' title='bbox 1353 1898 1508 1942; x_wconf 91' lang='lat' dir='ltr'>librum</span> <span class='ocrx_word' id='word_1_214' title='bbox 1537 1912 1601 1942; x_wconf 90' lang='lat' dir='ltr'>se-</span> 
     </span>
     <span class='ocr_line' id='line_1_28' title="bbox 101 1967 1598 2023; baseline 0 -14"><span class='ocrx_word' id='word_1_215' title='bbox 101 1969 289 2010; x_wconf 87' lang='lat' dir='ltr'>cundum</span> <span class='ocrx_word' id='word_1_216' title='bbox 308 1969 385 2010; x_wconf 91' lang='lat' dir='ltr'>hos</span> <span class='ocrx_word' id='word_1_217' title='bbox 405 1969 518 2010; x_wconf 90' lang='lat' dir='ltr'>locos</span> <span class='ocrx_word' id='word_1_218' title='bbox 539 1980 710 2023; x_wconf 90' lang='lat' dir='ltr'>prorsus</span> <span class='ocrx_word' id='word_1_219' title='bbox 730 1969 1026 2009; x_wconf 84' lang='lat' dir='ltr'>immutaturus</span> <span class='ocrx_word' id='word_1_220' title='bbox 1047 1969 1162 2010; x_wconf 81' lang='lat' dir='ltr'>erat?</span> <span class='ocrx_word' id='word_1_221' title='bbox 1193 1967 1291 2010; x_wconf 89' lang='lat' dir='ltr'>Non</span> <span class='ocrx_word' id='word_1_222' title='bbox 1310 1967 1424 2010; x_wconf 88' lang='lat' dir='ltr'>credi</span> <span class='ocrx_word' id='word_1_223' title='bbox 1441 1970 1598 2023; x_wconf 81' lang='lat' dir='ltr'>potest3</span> 
     </span>
     <span class='ocr_line' id='line_1_29' title="bbox 101 2033 1600 2090; baseline 0 -14"><span class='ocrx_word' id='word_1_224' title='bbox 101 2048 199 2077; x_wconf 88' lang='lat' dir='ltr'>nam</span> <span class='ocrx_word' id='word_1_225' title='bbox 230 2038 321 2076; x_wconf 88' lang='lat' dir='ltr'>tum</span> <span class='ocrx_word' id='word_1_226' title='bbox 351 2037 522 2078; x_wconf 93' lang='lat' dir='ltr'>omnino</span> <span class='ocrx_word' id='word_1_227' title='bbox 549 2036 600 2076; x_wconf 89' lang='lat' dir='ltr'>de</span> <span class='ocrx_word' id='word_1_228' title='bbox 624 2035 838 2077; x_wconf 82' lang='lat' dir='ltr'>Aeneadis</span> <span class='ocrx_word' id='word_1_229' title='bbox 877 2039 919 2076; x_wconf 87' lang='lat' dir='ltr'>et</span> <span class='ocrx_word' id='word_1_230' title='bbox 946 2033 1149 2090; x_wconf 86' lang='lat' dir='ltr'>Pergamo</span> <span class='ocrx_word' id='word_1_231' title='bbox 1178 2034 1358 2077; x_wconf 88' lang='lat' dir='ltr'>conditis</span> <span class='ocrx_word' id='word_1_232' title='bbox 1392 2036 1430 2076; x_wconf 89' lang='lat' dir='ltr'>ei</span> <span class='ocrx_word' id='word_1_233' title='bbox 1461 2037 1600 2077; x_wconf 86' lang='lat' dir='ltr'>tacen-</span> 
     </span>
     <span class='ocr_line' id='line_1_30' title="bbox 101 2102 1599 2159; baseline 0.001 -15"><span class='ocrx_word' id='word_1_234' title='bbox 101 2103 202 2144; x_wconf 88' lang='lat' dir='ltr'>dum</span> <span class='ocrx_word' id='word_1_235' title='bbox 232 2105 358 2157; x_wconf 89' lang='lat' dir='ltr'>atque</span> <span class='ocrx_word' id='word_1_236' title='bbox 389 2106 548 2158; x_wconf 88' lang='lat' dir='ltr'>septem</span> <span class='ocrx_word' id='word_1_237' title='bbox 569 2104 671 2145; x_wconf 89' lang='lat' dir='ltr'>anni</span> <span class='ocrx_word' id='word_1_238' title='bbox 698 2115 885 2144; x_wconf 90' lang='lat' dir='ltr'>errorum</span> <span class='ocrx_word' id='word_1_239' title='bbox 915 2105 1025 2144; x_wconf 88' lang='lat' dir='ltr'>certe</span> <span class='ocrx_word' id='word_1_240' title='bbox 1046 2105 1164 2144; x_wconf 88' lang='lat' dir='ltr'>erant</span> <span class='ocrx_word' id='word_1_241' title='bbox 1192 2102 1411 2144; x_wconf 88' lang='lat' dir='ltr'>abiciendi.</span> <span class='ocrx_word' id='word_1_242' title='bbox 1452 2102 1599 2159; x_wconf 88' lang='lat' dir='ltr'>ltaque</span> 
     </span>
     <span class='ocr_line' id='line_1_31' title="bbox 101 2168 1600 2225; baseline 0.001 -14"><span class='ocrx_word' id='word_1_243' title='bbox 101 2171 222 2212; x_wconf 85' lang='lat' dir='ltr'>aliter</span> <span class='ocrx_word' id='word_1_244' title='bbox 263 2183 331 2211; x_wconf 90' lang='lat' dir='ltr'>res</span> <span class='ocrx_word' id='word_1_245' title='bbox 377 2182 422 2212; x_wconf 91' lang='lat' dir='ltr'>se</span> <span class='ocrx_word' id='word_1_246' title='bbox 459 2169 604 2212; x_wconf 86' lang='lat' dir='ltr'>habet:</span> <span class='ocrx_word' id='word_1_247' title='bbox 648 2170 693 2212; x_wconf 86' lang='lat' dir='ltr'>Si</span> <span class='ocrx_word' id='word_1_248' title='bbox 722 2170 937 2225; x_wconf 85' lang='lat' dir='ltr'>Vergilius</span> <span class='ocrx_word' id='word_1_249' title='bbox 978 2171 1062 2212; x_wconf 91' lang='lat' dir='ltr'>iam</span> <span class='ocrx_word' id='word_1_250' title='bbox 1102 2168 1208 2211; x_wconf 85' lang='lat' dir='ltr'>libro</span> <span class='ocrx_word' id='word_1_251' title='bbox 1248 2170 1370 2212; x_wconf 89' lang='lat' dir='ltr'>tertio</span> <span class='ocrx_word' id='word_1_252' title='bbox 1408 2170 1600 2212; x_wconf 88' lang='lat' dir='ltr'>Aeneam</span> 
     </span>
    </p>
   </div>
   <div class='ocr_carea' id='block_1_3' title="bbox 103 2251 379 2260">
    <p class='ocr_par' dir='ltr' id='par_1_9' title="bbox 103 2251 379 2260">
     <span class='ocr_line' id='line_1_32' title="bbox 103 2251 379 2260; baseline 0 0"><span class='ocrx_word' id='word_1_253' title='bbox 103 2251 379 2260; x_wconf 95' lang='lat' dir='ltr'> </span> 
     </span>
    </p>
   </div>
   <div class='ocr_carea' id='block_1_4' title="bbox 99 2283 1598 2615">
    <p class='ocr_par' dir='ltr' id='par_1_10' title="bbox 99 2283 1598 2615">
     <span class='ocr_line' id='line_1_33' title="bbox 199 2283 1598 2329; baseline 0.001 -10"><span class='ocrx_word' id='word_1_254' title='bbox 199 2284 230 2328; x_wconf 93' lang='grc'>1)</span> <span class='ocrx_word' id='word_1_255' title='bbox 266 2283 379 2319; x_wconf 88' lang='lat' dir='ltr'>Servii</span> <span class='ocrx_word' id='word_1_256' title='bbox 409 2283 515 2318; x_wconf 87' lang='lat' dir='ltr'>huius</span> <span class='ocrx_word' id='word_1_257' title='bbox 539 2283 763 2319; x_wconf 87' lang='lat' dir='ltr'>difficultatis</span> <span class='ocrx_word' id='word_1_258' title='bbox 788 2285 977 2329; x_wconf 84' lang='lat' dir='ltr'>explicatio</span> <span class='ocrx_word' id='word_1_259' title='bbox 1003 2283 1088 2320; x_wconf 84' lang='lat' dir='ltr'>ferri</span> <span class='ocrx_word' id='word_1_260' title='bbox 1111 2283 1256 2328; x_wconf 81' lang='lat' dir='ltr'>nequit3</span> <span class='ocrx_word' id='word_1_261' title='bbox 1290 2293 1370 2318; x_wconf 88' lang='lat' dir='ltr'>nam</span> <span class='ocrx_word' id='word_1_262' title='bbox 1401 2284 1598 2320; x_wconf 85' lang='lat' dir='ltr'>sententiae</span> 
     </span>
     <span class='ocr_line' id='line_1_34' title="bbox 100 2339 1598 2387; baseline 0.001 -11"><span class='ocrx_word' id='word_1_263' title='bbox 100 2352 208 2376; x_wconf 84' lang='lat' dir='ltr'>nexus</span> <span class='ocrx_word' id='word_1_264' title='bbox 232 2341 314 2376; x_wconf 86' lang='lat' dir='ltr'>inde</span> <span class='ocrx_word' id='word_1_265' title='bbox 328 2352 359 2376; x_wconf 85' lang='lat' dir='ltr'>.a</span> <span class='ocrx_word' id='word_1_266' title='bbox 382 2351 414 2374; x_wconf 91' lang='lat' dir='ltr'>v.</span> <span class='ocrx_word' id='word_1_267' title='bbox 439 2339 508 2375; x_wconf 87' lang='lat'>340</span> <span class='ocrx_word' id='word_1_268' title='bbox 532 2340 570 2375; x_wconf 90' lang='lat' dir='ltr'>ni</span> <span class='ocrx_word' id='word_1_269' title='bbox 594 2340 698 2376; x_wconf 87' lang='lat' dir='ltr'>fallor</span> <span class='ocrx_word' id='word_1_270' title='bbox 721 2341 780 2376; x_wconf 88' lang='lat' dir='ltr'>hic</span> <span class='ocrx_word' id='word_1_271' title='bbox 803 2342 876 2377; x_wconf 84' lang='lat' dir='ltr'>est:</span> <span class='ocrx_word' id='word_1_272' title='bbox 903 2341 978 2387; x_wconf 86' lang='lat' dir='ltr'>ipse</span> <span class='ocrx_word' id='word_1_273' title='bbox 1003 2351 1084 2375; x_wconf 86' lang='lat' dir='ltr'>mea</span> <span class='ocrx_word' id='word_1_274' title='bbox 1106 2341 1232 2386; x_wconf 82' lang='lat' dir='ltr'>sponte</span> <span class='ocrx_word' id='word_1_275' title='bbox 1259 2340 1297 2375; x_wconf 91' lang='lat' dir='ltr'>in</span> <span class='ocrx_word' id='word_1_276' title='bbox 1320 2341 1437 2387; x_wconf 84' lang='lat' dir='ltr'>patria</span> <span class='ocrx_word' id='word_1_277' title='bbox 1459 2352 1598 2378; x_wconf 84' lang='lat' dir='ltr'>reman-</span> 
     </span>
     <span class='ocr_line' id='line_1_35' title="bbox 100 2397 1598 2445; baseline 0.001 -11"><span class='ocrx_word' id='word_1_278' title='bbox 100 2399 236 2441; x_wconf 82' lang='lat' dir='ltr'>sissem,</span> <span class='ocrx_word' id='word_1_279' title='bbox 268 2398 329 2434; x_wconf 89' lang='lat' dir='ltr'>sed</span> <span class='ocrx_word' id='word_1_280' title='bbox 354 2398 515 2443; x_wconf 85' lang='lat' dir='ltr'>Gryneus</span> <span class='ocrx_word' id='word_1_281' title='bbox 539 2398 677 2444; x_wconf 86' lang='lat' dir='ltr'>Apollo,</span> <span class='ocrx_word' id='word_1_282' title='bbox 700 2399 773 2444; x_wconf 67' lang='lat' dir='ltr'>⁴qui</span> <span class='ocrx_word' id='word_1_283' title='bbox 796 2410 903 2445; x_wconf 87' lang='lat' dir='ltr'>prope</span> <span class='ocrx_word' id='word_1_284' title='bbox 928 2400 1028 2434; x_wconf 88' lang='lat' dir='ltr'>tenet</span> <span class='ocrx_word' id='word_1_285' title='bbox 1052 2397 1161 2440; x_wconf 79' lang='lat' dir='ltr'>sedes,</span> <span class='ocrx_word' id='word_1_286' title='bbox 1195 2408 1250 2433; x_wconf 90' lang='lat' dir='ltr'>me</span> <span class='ocrx_word' id='word_1_287' title='bbox 1274 2397 1377 2434; x_wconf 89' lang='lat' dir='ltr'>domo</span> <span class='ocrx_word' id='word_1_288' title='bbox 1402 2399 1598 2445; x_wconf 82' lang='lat' dir='ltr'>exagitavit</span> 
     </span>
     <span class='ocr_line' id='line_1_36' title="bbox 100 2455 1598 2502; baseline 0.001 -11"><span class='ocrx_word' id='word_1_289' title='bbox 100 2458 137 2491; x_wconf 89' lang='lat' dir='ltr'>et</span> <span class='ocrx_word' id='word_1_290' title='bbox 168 2456 313 2491; x_wconf 85' lang='lat' dir='ltr'>Italiam</span> <span class='ocrx_word' id='word_1_291' title='bbox 347 2466 514 2501; x_wconf 84' lang='lat' dir='ltr'>quaerere</span> <span class='ocrx_word' id='word_1_292' title='bbox 545 2455 661 2490; x_wconf 84' lang='lat' dir='ltr'>iussit.</span> <span class='ocrx_word' id='word_1_293' title='bbox 711 2457 828 2502; x_wconf 88' lang='lat' dir='ltr'>Atque</span> <span class='ocrx_word' id='word_1_294' title='bbox 853 2456 981 2501; x_wconf 87' lang='lat' dir='ltr'>Lycios</span> <span class='ocrx_word' id='word_1_295' title='bbox 1011 2455 1079 2490; x_wconf 90' lang='lat' dir='ltr'>hoc</span> <span class='ocrx_word' id='word_1_296' title='bbox 1102 2455 1178 2491; x_wconf 89' lang='lat' dir='ltr'>loco</span> <span class='ocrx_word' id='word_1_297' title='bbox 1203 2466 1278 2491; x_wconf 84' lang='lat' dir='ltr'>esse</span> <span class='ocrx_word' id='word_1_298' title='bbox 1300 2456 1429 2501; x_wconf 85' lang='lat' dir='ltr'>Lycios</span> <span class='ocrx_word' id='word_1_299' title='bbox 1452 2457 1598 2493; x_wconf 86' lang='lat' dir='ltr'>Homeri</span> 
     </span>
     <span class='ocr_line' id='line_1_37' title="bbox 100 2512 1597 2559; baseline 0.001 -12"><span class='ocrx_word' id='word_1_300' title='bbox 100 2514 137 2547; x_wconf 89' lang='lat' dir='ltr'>et</span> <span class='ocrx_word' id='word_1_301' title='bbox 160 2512 279 2557; x_wconf 86' lang='lat' dir='ltr'>Lyciis</span> <span class='ocrx_word' id='word_1_302' title='bbox 306 2523 444 2558; x_wconf 88' lang='lat' dir='ltr'>quoque</span> <span class='ocrx_word' id='word_1_303' title='bbox 467 2512 622 2547; x_wconf 88' lang='lat' dir='ltr'>sortibus</span> <span class='ocrx_word' id='word_1_304' title='bbox 649 2513 830 2548; x_wconf 89' lang='lat' dir='ltr'>oraculum</span> <span class='ocrx_word' id='word_1_305' title='bbox 849 2512 1026 2559; x_wconf 87' lang='lat' dir='ltr'>Apollinis</span> <span class='ocrx_word' id='word_1_306' title='bbox 1053 2512 1196 2548; x_wconf 87' lang='lat' dir='ltr'>Troiani</span> <span class='ocrx_word' id='word_1_307' title='bbox 1222 2524 1292 2548; x_wconf 88' lang='lat' dir='ltr'>non</span> <span class='ocrx_word' id='word_1_308' title='bbox 1316 2513 1462 2550; x_wconf 86' lang='lat' dir='ltr'>Patarei</span> <span class='ocrx_word' id='word_1_309' title='bbox 1485 2514 1597 2559; x_wconf 82' lang='lat' dir='ltr'>signi-</span> 
     </span>
     <span class='ocr_line' id='line_1_38' title="bbox 99 2569 840 2615; baseline 0.001 -11"><span class='ocrx_word' id='word_1_310' title='bbox 99 2569 198 2605; x_wconf 87' lang='lat' dir='ltr'>ficari</span> <span class='ocrx_word' id='word_1_311' title='bbox 221 2569 400 2615; x_wconf 84' lang='lat' dir='ltr'>persuasit</span> <span class='ocrx_word' id='word_1_312' title='bbox 423 2569 511 2605; x_wconf 88' lang='lat' dir='ltr'>mihi</span> <span class='ocrx_word' id='word_1_313' title='bbox 538 2569 840 2605; x_wconf 88' lang='lat' dir='ltr'>Wilamowitzius.</span> 
     </span>
    </p>
   </div>
  </div>
 </body>
</html>
