1709 2978
705 132 954 173 -4-

81 254 234 298 Ioanni
266 255 384 310 Lydo
421 255 527 299 fides
541 258 575 310 ι)
612 259 689 311 est,
729 255 1059 313 quadringentos
1083 258 1251 313 triginta
1275 269 1430 300 novem
1457 259 1499 300 et
1526 256 1575 308 Q.

83 322 315 366 Cosconius
360 324 658 380 grammaticus
672 324 702 377 ²)
743 326 890 379 quarto
933 337 1047 367 anno
1084 327 1178 380 post
1216 323 1382 367 Troiam
1417 327 1578 381 captam

82 389 309 433 Lavinium
337 391 553 433 conditum
583 403 678 432 esse
708 390 791 432 sibi
820 393 1012 447 sumpsit.
1056 393 1198 446 Atque
1226 392 1479 434 dissensisse
1502 392 1580 435 hac

83 457 129 498 in
156 470 203 499 re
233 469 283 500 eo
312 459 502 513 tempore
528 458 642 500 viros
673 457 816 500 doctos
845 470 901 500 ex
920 459 1012 514 ipso
1032 457 1240 513 Dionysio
1261 459 1362 501 satis
1383 458 1578 501 audimus

85 524 153 575 (cf.
186 527 251 579 s.),
280 537 423 580 neque
447 526 650 567 miramur
676 525 788 579 quod
817 525 945 580 addit,
972 525 1054 567 sibi
1083 526 1255 581 quidem
1282 529 1426 581 utpote
1453 526 1582 568 histo-

83 593 169 634 rico
197 592 331 635 videri
359 605 432 635 eos
454 592 729 637 verisimilius
749 592 973 647 iudicasse,
1002 593 1077 648 qui
1097 592 1204 635 duos
1224 605 1359 638 annos
1379 591 1579 637 Troianos

84 661 291 702 erravisse
319 660 658 712 contendissent3
699 663 844 702 contra
876 672 1145 714 summopere
1173 661 1358 715 mirarer,
1389 662 1425 702 si
1455 662 1580 703 etiam

84 729 229 783 epicus
269 732 396 782 poeta
430 721 513 770 tale
550 727 753 770 iudicium
792 730 962 770 secutus
999 730 1112 769 esset
1150 729 1296 782 critici,
1335 730 1409 784 qui
1446 729 1580 771 famae

86 795 211 849 quod=
235 796 390 837 mirum
427 797 541 838 inest
577 795 791 837 detrahere
830 807 1008 850 eamque
1045 791 1140 851 πρὸς
1167 791 1216 836 τὸ
1253 791 1356 843 εἰκὸς
1376 795 1580 850 vredigere

85 863 235 904 studet.

197 930 295 971 Non
326 931 467 971 autem
496 933 668 971 secutus
697 931 783 980 est3
822 942 921 970 nam
951 930 1115 971 etiamsi
1147 941 1307 970 errores
1336 931 1445 971 sicut
1473 929 1581 971 Gon-

84 997 259 1040 radinus
294 999 510 1039 enarravit
546 998 834 1053 disponamuS,
875 998 1015 1038 tamen
1055 997 1235 1038 narratio
1266 996 1442 1051 Vergilii
1484 1009 1582 1038 oum

84 1064 402 1105 ratiocinatione
431 1063 628 1117 Dionysii
665 1077 752 1105 non
782 1064 875 1104 coit.
936 1063 1177 1104 Secundum
1213 1063 1327 1104 hunc
1356 1065 1471 1104 enim
1499 1065 1583 1105 Ae-

86 1142 190 1172 neas
219 1130 348 1172 altero
378 1143 489 1172 anno
518 1134 743 1185 postquam
772 1129 896 1171 Troia
926 1132 1165 1171 excesserat
1193 1130 1237 1171 id
1267 1133 1331 1171 est
1359 1133 1583 1185 postquam

86 1196 187 1238 urbs
229 1200 472 1252 expugnata
511 1200 599 1239 erat
633 1199 677 1238 in
706 1197 874 1239 Latium
905 1198 1122 1251 pervenit3
1164 1209 1261 1239 nam
1291 1198 1472 1252 legimus
1503 1197 1582 1239 sub

86 1263 216 1305 finem
246 1264 416 1318 capitis:
448 1258 638 1318 λαβόντες
667 1259 713 1305 δὲ
740 1261 789 1305 τὸ
819 1264 963 1322 χωρίον
992 1258 1198 1313 οἰκίζουσιν
1227 1264 1268 1304 ἐν
1297 1261 1408 1317 αὐτῷ
1437 1262 1583 1305 Λαουΐ-

88 1346 166 1371 νιον
207 1327 278 1372 τὸν
321 1326 504 1388 δεύτερον
547 1328 626 1372 ἀπὸ
670 1335 743 1380 τῆς
786 1326 976 1380 ἁλώσεως
1020 1325 1348 1388 ἐκπληρώσαντες
1396 1326 1582 1373 ἐνιαυτόν.

87 1398 213 1454 Apud
247 1397 477 1454 Vergilium
515 1402 656 1440 autem
685 1397 853 1440 Troiani
889 1402 984 1454 post
1012 1398 1159 1441 Troiae
1190 1398 1404 1440 excidium
1433 1399 1581 1442 exules

86 1470 149 1507 ter
178 1467 389 1508 hiemant:
420 1465 498 1506 sub
529 1465 617 1518 Ida,
645 1466 696 1507 ad
726 1467 911 1538 Actium,
941 1466 1209 1520 Carthagine3
1241 1469 1366 1520 atque
1395 1470 1479 1508 tres
1507 1468 1582 1509 has

88 1534 250 1575 hiemes
283 1534 408 1574 etiam
437 1531 480 1573 C.
510 1532 729 1573 concessit

200 1600 268 1640 Ad
307 1602 542 1640 extremum
580 1612 678 1640 vero
716 1612 878 1640 encres
917 1601 1089 1641 Aeneae
1126 1601 1212 1640 tam
1258 1601 1367 1640 arcte
1406 1600 1582 1641 circum-

90 1666 270 1708 scribere
313 1679 400 1708 non
439 1666 550 1719 licet,
592 1679 717 1720 quam
753 1665 795 1707 C.
831 1666 946 1718 fecit3
982 1666 1179 1707 videntur
1208 1667 1323 1707 enim
1353 1678 1408 1706 ex
1437 1669 1582 1720 poetae

89 1734 265 1776 consilio
294 1732 463 1776 Troiani
498 1735 622 1776 etiam
663 1734 708 1776 in
738 1733 912 1777 Thracia
945 1734 1126 1776 hiemem
1161 1734 1442 1788 transegisse3
1484 1747 1582 1775 nam

90 1815 144 1843 ex
174 1803 368 1844 versibus
398 1800 475 1855 III,
502 1803 565 1844 19
590 1802 642 1843 20

365 1885 481 1910 saera
509 1868 716 1910 Dionaeae
742 1869 865 1909 matri
892 1865 1064 1923 divisque
1083 1868 1268 1923 ferebam

366 1936 591 1989 auspicibus
619 1943 889 1988 coeptorum
917 1949 1081 1988 operum

90 2015 184 2043 mea
222 2002 393 2056 quidem
432 2004 642 2044 sententia
678 2016 763 2044 non
801 2015 899 2044 cum
925 2002 1159 2046 Conradino
1189 2014 1364 2043 necesse
1394 2004 1459 2042 est
1487 2014 1585 2043 con-

90 2068 272 2121 cludere,
308 2081 381 2110 eos
410 2072 632 2124 postquam
664 2070 738 2110 vix
768 2070 812 2110 in
842 2082 942 2124 agro
970 2070 1238 2111 consederint
1266 2071 1390 2123 atque
1419 2069 1584 2110 moenia

90 2139 308 2178 exstruere
338 2139 563 2192 coeperint,
604 2137 743 2179 statim
774 2136 972 2191 Polydori
1002 2136 1199 2179 manibus
1229 2137 1393 2178 territos
1423 2149 1447 2178 e
1476 2139 1585 2178 terra

91 2203 248 2251 abisse;
291 2208 471 2257 possunt
499 2205 648 2246 domus
674 2208 717 2246 et
744 2207 914 2248 moenia
945 2204 1159 2247 aedificata
1189 2205 1315 2245 etiam
1343 2204 1482 2245 hieme
1521 2205 1585 2245 in-

91 2272 286 2325 sequenti
326 2275 470 2326 coepta
504 2272 585 2313 dici
625 2285 771 2327 opera;
809 2275 1018 2327 repugnat
1046 2274 1188 2312 autem
1218 2272 1450 2312 sententiae
1479 2270 1585 2312 Con-

90 2338 226 2379 radini
266 2338 449 2393 primum
488 2341 578 2394 ipse
612 2342 672 2382 rei
709 2342 866 2391 status3
902 2352 1002 2380 nam
1040 2352 1136 2380 cum
1175 2338 1276 2380 urbs
1314 2339 1386 2380 illa
1413 2351 1459 2379 re
1488 2351 1586 2380 vera

184 2498 222 2538 1)
249 2496 291 2531 de
314 2496 410 2540 Mag.
435 2496 465 2536 Ι,
491 2496 522 2530 2.

183 2555 222 2593 2)
248 2554 356 2591 Solin.
382 2553 432 2594 ΙΙ,
460 2553 510 2587 13.
